3025 4842
541 415 674 481 676

545 571 698 620 facile
720 569 963 620 omisisse.
999 566 1162 626 Scires.
1226 563 1373 616 Jnnt.
1407 568 1515 612 stat
1534 561 1599 610 ab

543 648 647 696 iliis
669 644 1036 695 vetustioribus
1070 641 1189 692 edd.
1213 653 1340 705 quas
1373 637 1605 688 laudavit

541 724 722 773 Vorst.
759 721 923 770 Graev.

611 799 654 858 §·
671 802 701 843 5
737 796 858 844 Post
879 793 1138 842 uindictam
1156 787 1422 853 pudicitia]
1453 789 1601 838 Unus

547 872 702 935 Angl.
719 886 770 934 ρ.
789 871 1074 919 vindicatam
1089 863 1390 928 pudicitiam.-
1420 864 1598 912 δην.

613 951 707 1012 §6
739 945 914 1006 Huius,
956 942 1060 1005 ism]
1093 942 1232 990 Saxo
1267 952 1319 988 v.
1356 953 1408 1000 p.
1443 941 1525 986 78.
1558 935 1599 984 f.

544 1026 561 1053 ‘
581 1024 698 1075 Quo
723 1021 864 1069 dicto
883 1018 1065 1068 Ericns
1089 1012 1446 1080 propulsanda
1465 1011 1601 1060 fran-

546 1099 627 1148 dis
647 1093 968 1146 admonitus:

611 1173 814 1222 Tandem
857 1170 1065 1232 Hippius
1116 1181 1262 1228 reg-uo
1311 1163 1578 1228 pulsusJS

543 1249 692 1299 annis
715 1252 832 1311 post
863 1243 1192 1295 interfectum
1213 1240 1428 1290 fratrem
1470 1239 1601 1302 Hip-

546 1323 791 1387 parchum
821 1319 1144 1384 tyrannidem
1183 1316 1382 1376 tenuit3
1413 1320 1601 1379 quarto

544 1399 720 1447 antem
755 1402 972 1459 accepta
991 1393 1094 1443 fide
1131 1392 1342 1456 publica
1379 1391 1603 1453 Sigaeum

549 1481 608 1523 et
647 1472 768 1522 inde
805 1473 1144 1532 Lampsacum
1187 1467 1255 1514 ed
1310 1463 1601 1514 AEantidem

546 1546 812 1612 profectus
831 1552 931 1606 est,
951 1551 1009 1594 et
1031 1543 1171 1591 illinc
1196 1540 1261 1590 ad
1282 1540 1500 1590 Darium
1525 1553 1604 1588 re-

549 1637 666 1686 gem
704 1623 1009 1678 Persarum3
1060 1623 1118 1666 ut
1151 1630 1219 1666 ex
1257 1615 1605 1679 Thucyd..vi.

542 1699 680 1748 scire
700 1697 840 1746 iicet.
879 1694 1034 1743 Vorst.

614 1774 641 1833 §
675 1774 706 1819 8
739 1768 988 1820 Auxilium
1015 1783 1046 1816 a
1075 1765 1463 1828 Lacedaemouiis]
1499 1765 1606 1813 Pet

547 1846 840 1905 *essentum
891 1844 1211 1908 ἣμερόδρομον.
1289 1843 1487 1892 Herod.
1528 1855 1605 1891 vi.

547 1928 662 1973 105.
709 1922 914 1971 Probus
949 1922 1002 1969 in
1035 1918 1294 1968 Miltiade.
1359 1917 1605 1966 Meminit

551 2007 605 2048 et
627 1999 783 2047 Plato
803 2011 888 2046 111.
917 1997 984 2045 de
1008 1997 1168 2057 Legg.
1232 1994 1316 2042 De
1340 1992 1605 2056 quatridui

547 2072 793 2134 religione
812 2071 1034 2134 Lycurgi
1051 2071 1216 2131 legem
1235 2074 1606 2117 commemorat

551 2148 763 2197 Lucian.
781 2148 846 2196 de
867 2145 1178 2208 Astrologia.
1212 2145 1334 2194 vid.
1357 2145 1604 2194 etStrab.

549 2221 642 2270 lib.
657 2233 736 2271 rx.
773 2220 854 2270 ef.
879 2235 996 2271 cum
1012 2219 1241 2268 Auctore
1257 2225 1433 2268 nostro
1450 2219 1604 2270 Oros.

549 2309 614 2346 ιι.
640 2301 688 2346 8.
723 2297 884 2358 Bong.

501 2403 507 2414 -
613 2371 916 2434 Petit-eruut]
947 2371 1074 2419 Mss.
1097 2383 1274 2418 omnes
1289 2367 1478 2417 habent
1497 2381 1606 2430 per-

550 2450 855 2496 duraverunt.
921 2446 1095 2497 Quare
1130 2443 1376 2506 suspicor,
1410 2443 1606 2495 Justini

550 2536 659 2571 esse
679 2523 1058 2584 postulareruut:
1093 2519 1228 2583 quod
1249 2525 1490 2582 tauquam
1515 2519 1606 2567 mi-

550 2611 647 2646 nus
661 2596 904 2645 usitatum
927 2595 1056 2644 alius
1069 2594 1305 2658 exposuit
1321 2608 1414 2657 per
1430 2593 1607 2656 petive-

547 2677 679 2720 runt.
743 2670 878 2719 Sanc
916 2669 1072 2718 verbo
1105 2669 1204 2718 isto
1239 2668 1314 2717 sic
1337 2669 1606 2718 consuevit

550 2746 630 2794 uti
681 2745 857 2807 Nepos
899 2758 1122 2808 quoque,
1173 2745 1462 2807 prasertim
1513 2744 1603 2794 nbi

549 2818 739 2882 petitio
761 2827 842 2868 est
863 2819 1154 2884 vehemens,
1191 2819 1326 2870 sicut
1353 2819 1451 2869 fuit
1473 2821 1524 2870 h.
1548 2819 1602 2869 in

475 2956 488 2971 ⁹
523 2987 532 2994 ·
616 2971 643 3032 §
677 2973 710 3018 9
745 2970 874 3026 Quos
906 2970 987 3019 nbi
1016 2972 1236 3021 viderunt
1255 2971 1499 3035 quatridui
1535 2976 1602 3020 te·

549 3045 654 3094 neri
681 3045 930 3107 religione]
978 3046 1169 3096 Isthaec
1200 3047 1378 3109 religio
1411 3059 1442 3094 a
1463 3048 1599 3096 iunae

549 3121 906 3170 observatione
943 3127 1087 3180 erat;
1122 3135 1238 3168 nam
1277 3120 1601 3183 quemadmo-

549 3195 670 3244 dum
724 3209 929 3256 semper
983 3201 1100 3256 post
1147 3200 1386 3243 exortum
1441 3197 1601 3245 solem

548 3272 728 3320 Persae
749 3284 934 3332 agmen
955 3269 1248 3330 movebant,
1269 3269 1341 3320 ita
1363 3276 1418 3319 et
1440 3271 1600 3323 Lace-

549 3345 793 3394 daemonii
850 3345 1022 3392 lunum
1083 3344 1456 3408 sequebantur,
1511 3355 1602 3396 aut

548 3425 885 3480 crescentem,
917 3425 1008 3466 aut
1044 3419 1268 3482 plenam,
1300 3420 1392 3469 ubi
1427 3421 1601 3486 siiqua

551 3491 818 3557 expeditio
837 3492 1164 3556 suscipienda
1186 3499 1316 3543 erat.
1381 3496 1600 3545 Unicum

549 3567 771 3616 arbitror
825 3581 938 3616 esse
985 3567 1090 3629 huj.
1148 3567 1220 3616 rei
1275 3575 1480 3618 testem.
1547 3571 1600 3620 Is

548 3641 846 3691 Pausanias.
941 3641 998 3691 Si
1041 3641 1209 3702 fallor,
1263 3643 1350 3692 ubi
1393 3645 1601 3696 unicum

502 3758 523 3768 ,
551 3718 690 3779 dico,
711 3719 836 3768 aiius
861 3733 940 3768 me
965 3726 1188 3771 moneat.
1222 3721 1343 3770 Fab.

616 3795 728 3842 Nou
747 3799 1012 3857 exspectato
1029 3796 1226 3852 auxilio,
1257 3798 1504 3845 instructis
1522 3799 1602 3846 de·

546 3884 646 3918 cem
663 3871 864 3917 millibus
883 3869 1077 3931 ciuium]
1111 3871 1281 3919 Etiam
1305 3871 1431 3919 iilud
1465 3871 1601 3920 unxi-

543 3944 612 3992 lio
633 3943 784 3993 abest
805 3943 868 3993 ab
885 3945 1118 3994 omnibus
1133 3952 1240 3994 tam
1263 3946 1428 4010 Boug.
1451 3962 1601 4011 quam

549 4020 678 4068 meis
723 4020 848 4068 Mss.
884 4026 939 4069 et
973 4019 1110 4070 absit
1143 4035 1286 4082 sane,
1321 4028 1379 4070 ut
1411 4022 1602 4071 dixerit

549 4094 686 4145 Just.
707 4109 796 4142 sos
817 4100 1096 4156 exspectato,
1119 4098 1154 4144 i.
1185 4099 1231 4145 d.
1263 4111 1328 4147 m.
1353 4103 1409 4147 et
1431 4111 1601 4162 quem·

549 4167 822 4218 admodum
857 4171 980 4218 Sall.
1033 4172 1047 4198 ‘
1084 4169 1282 4221 Audito
1340 4174 1602 4224 consulem

551 4243 605 4292 in
651 4243 884 4292 Ciliciam
931 4243 1144 4294 tendere
1163 4245 1198 4296 :'
1251 4259 1420 4312 neque
1465 4249 1599 4298 enim

1232 421 1446 473 1⁴01·AE
1495 419 1900 469 vammum
1952 419 2030 467 {N

1676 573 1883 622 semper
1904 557 2213 621 Scriptores,
2244 555 2531 620 presertim
2556 560 2615 604 ιιι
2644 569 2737 618 op·

1678 639 1831 688 timus
1874 638 2093 702 quisque
2150 640 2251 696 est,
2304 639 2516 683 servant
2559 635 2612 683 in
2654 633 2735 682 bis

1678 712 2053 764 Grammaticos
2073 723 2312 758 canones.
2348 710 2481 758 Mod.

1742 788 1804 836 In
1838 800 2025 848 campos
2060 783 2413 846 Marathonius]
2468 785 2739 834 Maratho-

1676 875 1810 924 nem,
1838 861 2032 912 Attice
2056 859 2259 920 urbem,
2280 860 2343 908 ad
2368 873 2519 923 quam
2544 867 2737 922 pugna·-

1676 944 1785 987 tum
1808 943 1909 998 est,
1931 937 2117 1000 Pomp.
2157 936 2303 984 Meis
2334 935 2424 985 lib.
2456 949 2520 984 ιι.
2554 938 2571 964 ‘
2596 949 2737 998 mag-

1674 1029 1857 1064 narum
1875 1022 1932 1063 et
1954 1015 2231 1063 muitarum
2258 1014 2503 1062 virtutum
2528 1014 2735 1063 testem'

1675 1089 2022 1153 cognominat.
2089 1090 2170 1138 De
2196 1103 2369 1153 pugna
2404 1089 2738 1139 Marathonia

1583 1198 1598 1212 .
1674 1167 1850 1231 (quam
1890 1166 2032 1214 Pint.
2076 1177 2107 1214 a
2150 1167 2264 1214 ⁸00.
2309 1163 2609 1212 auctoribus
2648 1164 2737 1213 de-

1675 1241 1919 1304 scriptam
1956 1238 2206 1302 affirmat)
2244 1252 2397 1302 porro
2436 1239 2740 1288 consulendi

1678 1317 1875 1366 Herod.
1900 1329 1976 1364 vr.
2002 1315 2159 1364 Paus.
2182 1327 2224 1363 1.
2248 1313 2419 1368 AEmii.
2455 1313 2659 1362 Probus
2682 1317 2737 1363 in

1676 1387 1943 1442 Themist.
1968 1397 2025 1440 et
2082 1391 2224 1439 Mitt.
2284 1389 2427 1439 Geli.
2470 1403 2611 1439 xvu.
2650 1393 2734 1439 21.

1679 1469 1957 1516 Bmeccer.
2022 1466 2145 1528 Pro,
2188 1466 2241 1514 in
2286 1477 2523 1528 campum
2562 1463 2741 1513 Mara-

1638 1569 1646 1576 ·
1682 1543 1851 1604 ιΙιοιιιι,
1886 1547 1947 1590 ιιι
1988 1542 2125 1603 Nep.
2170 1539 2415 1603 loquitur.
2480 1537 2735 1587 Nimirum

1680 1631 1746 1666 ex
1782 1615 2068 1666 nominibus
2108 1615 2331 1678 propriis
2371 1615 2597 1662 locorum
2634 1611 2738 1661 for-

1680 1698 1885 1741 mantur
1920 1691 2201 1754 adjectiva,
2236 1703 2401 1753 eaque
2436 1689 2549 1738 aliis
2588 1703 2737 1738 roca-

1681 1767 1815 1817 bulis
1862 1766 2125 1816 iatioribns
2164 1765 2491 1828 adjiciuntur.
2556 1763 2640 1813 Ad
2684 1765 2735 1812 Ιι.

1678 1843 1887 1892 modum
1931 1841 2121 1891 dicitur
2163 1843 2180 1869 ‘
2216 1840 2493 1889 Parnassia
2549 1839 2735 1901 rupes'
2772 1847 2783 1865 ⁰

1678 1931 1792 1981 pro,
1814 1931 1967 1980 rupes
2000 1917 2322 1977 Parnassus,
2307 1932 2320 1944 ·
2359 1917 2375 1942 ‘
2398 1916 2520 1964 urbs
2554 1913 2739 1964 Roma·

1678 1994 1775 2044 na’
1806 2009 1919 2058 pro,
1940 1992 2063 2042 urbs
2086 1993 2284 2054 Romu
2314 1993 2331 2020 ‘
2354 1989 2542 2041 flumen
2568 1991 2734 2041 Ache-

1679 2069 1901 2119 rusium’
1923 2082 2037 2132 pro,
2054 2065 2245 2116 flumen
2271 2065 2529 2116 Acheron.
2576 2067 2735 2117 Vos-st.

1678 2147 1806 2196 Mss.
1830 2145 2024 2194 habent
2042 2143 2221 2206 campis
2242 2141 2577 2204 Marathoniis,
2596 2141 2737 2206 quod

1678 2234 1780 2269 uon
1810 2227 2101 2270 contemno.
2166 2217 2343 2267 Debet
2386 2223 2559 2265 autem
2596 2231 2735 2266 com·

1678 2302 1817 2345 mate
1837 2295 2087 2356 distingui
2110 2308 2141 2341 a
2158 2307 2303 2356 seqq.
2339 2299 2399 2341 ut
2424 2293 2495 2342 sit
2522 2301 2737 2342 senten-

1680 2371 1783 2420 tia:
1841 2371 2087 2432 Egressos
2122 2368 2367 2417 adversus
2414 2375 2496 2418 tot
2536 2369 2739 2426 hostes,

1680 2445 1767 2508 qui
1789 2451 1897 2493 tum
1918 2452 2067 2494 erant
2096 2445 2147 2492 in
2170 2445 2367 2508 campis
2390 2445 2737 2494 Marathoniis

1678 2519 1961 2568 constituti.
2008 2517 2170 2577 διψᾷ.

1742 2597 1770 2658 §
1796 2600 1856 2644 1⁰
1889 2595 2010 2644 Dux
2032 2595 2163 2658 belli]
2212 2595 2500 2658 Ξτρωτπγδς,
2538 2608 2669 2645 nnus
2702 2609 2735 2643 e

1677 2669 1874 2718 decem.
1930 2667 2239 2731 Πολέμαρχος
2258 2676 2432 2718 autem
2460 2678 2575 2719 erat
2608 2675 2739 2718 Koa·

1674 2744 1879 2805 λίμαχος
1899 2747 2174 2806 Ἀφιδναῖος.
2210 2744 2409 2794 Herod.
2436 2757 2511 2794 vl.
2536 2750 2647 2796 1⁰9.
2678 2753 2738 2794 et

1677 2821 1831 2871 Paus.
1853 2822 2042 2872 Lacon.
2084 2821 2246 2881 Bong-

1740 2898 1938 2959 Δια-ιω,
1970 2896 2076 2959 qma]
2127 2895 2265 2944 Saxo
2302 2908 2359 2944 x.
2404 2909 2455 2958 p.
2496 2899 2613 2945 255.
2648 2895 2732 2946 85.

1673 2971 1690 2998 ‘
1714 2971 2081 3021 Committendi
2100 2970 2265 3034 praelii
2288 2977 2551 3020 auctorem
2572 2986 2733 3035 agere

1676 3047 1998 3110 postulatus!
2029 3059 2148 3096 xvi.
2182 3061 2235 3109 p.
2272 3049 2387 3094 374.
2423 3050 2503 3096 35.
2542 3047 2737 3122 ‘pum-

1674 3137 1775 3186 que
1816 3122 2085 3171 dividendi
2130 3121 2268 3170 inter
2314 3121 2537 3184 pupillos
2582 3123 2735 3186 regui

1672 3205 1936 3247 auctorem
1958 3196 2259 3246 habiturus?

1742 3273 1910 3336 Ταπιιι,
1952 3272 2059 3336 ξω]
2128 3273 2266 3321 Saxo
2306 3286 2384 3323 rr.
2429 3287 2479 3334 p.
2518 3277 2603 3322 62.
2646 3277 2729 3324 4⁹.

1672 3346 1689 3376 ‘
1712 3348 1879 3396 Tanta
1906 3353 2082 3396 autem
2104 3344 2330 3396 Atisium
2360 3347 2551 3396 fidncia
2578 3362 2735 3410 cepe·

1673 3429 1773 3484 rat,
1796 3421 1891 3482 ut,’
1914 3426 2013 3472 otc.
2046 3435 2157 3471 nr.
2192 3437 2244 3484 p.
2269 3426 2384 3470 312.
2410 3427 2492 3471 19.
2522 3424 2539 3450 ‘
2560 3423 2735 3474 Quem

1674 3503 1821 3546 tanta
1840 3495 2027 3546 fiducia
2044 3503 2274 3560 ceperat,
2294 3502 2355 3545 nt
2375 3498 2487 3559 plus
2512 3497 2735 3546 remedii

1674 3573 1728 3622 in
1752 3574 2021 3622 celeritate
2050 3587 2201 3636 quam
2224 3573 2275 3621 in
2298 3573 2453 3624 sociis
2476 3573 2737 3624 duceret!

1738 3650 1767 3712 ᾧ
1793 3653 1851 3698 11
1892 3648 2055 3696 citato
2074 3646 2233 3709 eursu]
2258 3647 2341 3696 Βία
2366 3653 2423 3696 et
2440 3646 2530 3696 inf.
2556 3661 2636 3698 xi.
2654 3654 2741 3699 15.

1674 3728 1722 3773 5.
1754 3724 1981 3787 Parique
2004 3723 2155 3773 modo
2188 3725 2203 3751 ‘
2230 3723 2393 3773 citato
2420 3724 2615 3786 gradn’
2649 3739 2737 3776 11.

1673 3804 1722 3850 2.
1759 3805 1808 3848 5.
1845 3799 2051 3849 ‘citato
2094 3799 2323 3863 impetu’
2369 3813 2444 3849 xv.
2491 3804 2537 3850 1.
2579 3805 2631 3850 9.
2676 3808 2739 3852 et

1672 3876 1688 3902 ‘
1710 3875 1871 3924 citato
1911 3873 2125 3922 itinerc'
2157 3887 2213 3923 v.
2234 3879 2282 3924 8.
2310 3879 2387 3924 15.
2436 3875 2533 3924 Est
2556 3883 2735 3926 autem

1674 3951 1689 3977 ‘
1716 3948 1907 3999 citato'
1938 3949 2010 3998 id.
2036 3947 2191 4012 quod,
2212 3949 2440 3998 incitato.
2511 3950 2633 4000 Qua
2654 3967 2736 4000 ra-

1674 4024 1815 4074 tione
1835 4025 1948 4074 Liv.
1968 4027 1985 4052 ⁸
2001 4025 2163 4073 citato
2184 4039 2319 4088 equo
2341 4024 2561 4073 vadere'
2576 4026 2737 4088 dicit,

1674 4106 1731 4148 et
1752 4100 1885 4148 Caes.
1926 4101 1942 4127 ‘
1966 4099 2130 4149 citare
2169 4100 2381 4164 equum'
2416 4114 2527 4163 pro,
2550 4100 2737 4152 incitu-

1676 4189 1747 4224 re.
1792 4175 1905 4224 Ver.

1740 4248 1882 4312 Eius]
1916 4251 2043 4300 Suu
2078 4249 2208 4315 legit
2250 4247 2455 4300 Acidal.
2493 4249 2567 4301 ad
2600 4251 2735 4302 Veii.
