3025 4842
481 502 498 525 ι
535 412 669 479 914

541 578 666 625 ante
680 582 776 633 pro
786 567 1000 631 portenti
1013 563 1188 627 religio
1199 576 1301 613 non
1317 562 1454 612 bene
1473 562 1602 626 legi-

531 656 630 701 .tur
659 644 868 709 pmisiu.
935 642 1128 702 Religio
1165 646 1249 689 est
1285 640 1387 699 hic,
1425 653 1603 701 super-

539 722 700 781 stitia,
713 728 770 769 ut
789 730 952 767 xvm.
973 720 1021 765 6.
1054 718 1069 743 ‘
1091 716 1322 764 Cruenta
1339 728 1603 763 sacrorum

535 796 758 861 religio-⁹
823 794 976 843 Unde
1007 792 1258 853 religiosus
1277 806 1392 855 pro,
1423 804 1604 853 super-

536 874 790 930 stitiosus,
809 872 860 919 iu
886 872 974 919 illo
999 876 1178 917 vetere
1202 882 1351 917 versu
1372 883 1385 916 ι
1421 869 1437 896 ‘
1463 867 1606 916 Reli-

539 955 752 1014 gentem
774 960 890 996 esse
921 952 1148 1008 oportet,
1185 944 1480 1007 religiosum
1513 958 1605 993 ne·

540 1024 622 1077 fas
637 1024 670 1074 ι’
705 1024 754 1073 h.
774 1038 822 1073 e.
847 1021 1276 1085 superstitiosum.
1339 1021 1427 1069 Sie
1449 1020 1603 1069 vicis.

535 1102 636 1151 sim
657 1098 931 1163 superstitio
963 1098 1014 1145 in
1049 1097 1236 1147 bonam
1271 1103 1470 1161 partem
1504 1112 1602 1160 pro

471 1174 484 1183 “
541 1175 794 1238 religione
817 1186 1018 1223 xxxix.
1041 1178 1092 1221 4.
1123 1174 1139 1201 ‘
1160 1172 1260 1221 His
1283 1176 1360 1221 tot
1379 1172 1603 1221 necessi·

542 1249 805 1301 tudinibus
839 1248 1098 1311 sanguinis
1132 1246 1318 1309 adjicit
1353 1247 1605 1309 supersti-

542 1326 736 1375 tionem
756 1324 955 1387 templi,
965 1338 1067 1387 quo
1081 1322 1258 1372 abdita
1273 1321 1562 1387 profugerit
1574 1322 1606 1372 ς’

543 1418 642 1467 pro
666 1416 766 1465 quo
787 1401 840 1449 iu
862 1400 980 1449 eod.
1001 1399 1096 1449 lib.
1121 1414 1238 1462 cap.
1257 1404 1304 1448 1.
1329 1400 1606 1460 religionem

541 1478 708 1541 templi
744 1476 911 1525 dixit:
943 1476 958 1501 ‘
986 1475 1114 1525 Cum
1137 1475 1333 1539 Tyrum
1357 1476 1605 1538 religione

545 1557 724 1619 templi
764 1570 820 1605 se
856 1554 1164 1604 defensurus
1196 1553 1456 1618 petisset)
1491 1567 1603 1603 ιιι.

545 1636 597 1681 8.
627 1630 694 1680 de
729 1631 966 1680 Parthis:
1009 1632 1024 1660 ‘
1051 1631 1114 1681 In
1153 1630 1605 1695 superstitionibus

541 1722 608 1757 ae
645 1722 771 1757 cura
809 1708 1036 1757 Deorum
1072 1708 1337 1771 precipua
1377 1707 1607 1755 amnibus

549 1781 869 1832 veneratio?
912 1783 962 1833 b.
987 1797 1034 1833 e.
1057 1783 1108 1833 in
1129 1784 1192 1831 iis
1229 1797 1340 1848 qum
1365 1782 1606 1845 religiose

545 1860 741 1921 colunt,
762 1874 826 1910 ae
842 1873 938 1922 pro
957 1860 1070 1907 Diis
1087 1860 1278 1909 habent
1292 1865 1348 1909 et
1362 1873 1607 1908 veneran-

547 1943 652 1999 tur,
691 1936 952 1999 precipue
987 1942 1110 1984 sunt
1141 1933 1300 1983 fluvii.
1367 1934 1470 1982 Sed
1506 1934 1609 1983 alia

547 2028 749 2077 quoque
773 2013 878 2075 huj.
899 2012 1123 2061 notionis
1149 2013 1390 2077 exempla
1409 2019 1533 2063 sunt
1554 2013 1607 2062 ἰιι

549 2094 774 2150 promtu.
811 2088 978 2137 (ἕνα.
1594 2150 1599 2155 ⁸

613 2164 644 2225 ξ
677 2167 708 2211 8
747 2164 1051 2211 Naturalium
1093 2163 1322 2225 siderum]
1376 2163 1510 2212 Solis
1553 2170 1611 2211 et

549 2238 730 2296 Lunae,
769 2236 844 2285 ita
879 2236 915 2285 f.
947 2237 1224 2299 dictorum,
1263 2238 1400 2302 quod
1436 2252 1609 2286 rernm

551 2318 786 2363 natttram
831 2312 1052 2361 maxime
1094 2311 1270 2360 fovere
1309 2312 1610 2361 credantur.

550 2387 835 2437 Berneecer.
901 2386 1164 2435 Naturalia
1181 2386 1339 2435 sideru
1355 2401 1470 2451 quae
1488 2389 1611 2450 siut,

549 2474 721 2521 nemo,
743 2459 920 2519 eredo,
936 2460 1250 2523 explicabit3
1282 2474 1450 2525 neque
1471 2462 1610 2511 enim

549 2536 654 2585 alia
673 2543 812 2583 astra
833 2544 971 2596 sunt,
991 2550 1104 2600 qua·
1121 2550 1222 2585 non
1245 2537 1502 2587 naturalia
1526 2552 1612 2587 vo·

549 2624 670 2661 care
692 2612 874 2674 possis.
941 2612 1083 2674 Lego
1115 2611 1324 2673 defectus
1355 2615 1612 2674 naturales,

550 2687 586 2735 i.
609 2700 658 2735 e.
682 2687 770 2750 qui
805 2687 972 2737 causis
1007 2688 1322 2737 naturalibus
1357 2690 1610 2739 nituntur.

555 2763 724 2817 Faber.
767 2763 884 2815 Hoc
899 2764 1188 2813 natur-alim
1203 2765 1324 2813 mihi
1339 2764 1488 2813 valde
1503 2780 1614 2814 sus-

550 2853 781 2903 pectum,
815 2841 958 2904 quasi
983 2840 1087 2889 sint
1122 2846 1178 2888 et
1208 2840 1378 2889 sidera
1402 2850 1502 2889 non
1528 2856 1614 2889 na-

548 2918 752 2967 turalia.
825 2917 960 2967 Num
983 2916 1194 2979 scripsit
1217 2917 1410 2966 Noster
1431 2921 1613 2966 nutum

549 2991 796 3053 luminum,
819 2993 1051 3056 aliusque
1075 2992 1127 3041 id
1146 2992 1387 3054 exposuit
1409 3006 1521 3055 per,
1546 2994 1611 3042 si-

549 3065 753 3127 derum,
789 3076 842 3115 et
868 3074 1040 3130 potest
1075 3067 1202 3116 illud
1234 3067 1460 3117 hminum
1487 3082 1611 3117 eon·

549 3150 718 3193 tracte
739 3146 988 3205 scriptum
1023 3143 1180 3193 fuisse
1199 3146 1346 3208 ἱιιιιιιι,
1382 3151 1500 3208 post
1522 3146 1611 3194 ad-

541 3218 786 3279 junctum
809 3234 923 3267 esse
946 3219 1056 3267 voci
1079 3220 1298 3271 mure?
1361 3222 1540 3283 Certe,
1568 3222 1611 3271 si

549 3298 634 3340 est
672 3294 931 3342 retinend.
968 3296 1277 3357 naturalium,
1317 3306 1494 3360 putem
1532 3298 1610 3347 ita

551 3366 696 3417 dicta
731 3370 784 3415 in
819 3369 1057 3431 opposito
1088 3371 1156 3420 ad
1186 3380 1434 3435 cometas,
1471 3380 1528 3422 et
1556 3372 1608 3421 id

553 3454 732 3505 genus,
769 3443 904 3504 ipsos
944 3459 1148 3509 quoque
1187 3448 1322 3511 soles
1361 3449 1610 3512 lunasque

549 3526 880 3581 apparentes,
915 3522 1092 3583 quales
1117 3524 1362 3572 hactenus
1385 3524 1609 3590 intelligi

552 3600 768 3658 possunt
791 3609 896 3644 non
919 3598 1200 3659 naturales,
1235 3612 1336 3647 uon
1368 3600 1504 3662 quod
1536 3599 1612 3650 fo-

553 3677 710 3721 veant
727 3676 979 3719 naturam.
1011 3670 1170 3731 Sem.

619 3748 901 3810 ensemque
917 3747 1040 3809 esse]
1075 3750 1200 3811 Leg.
1236 3756 1414 3800 cer-tum
1451 3752 1611 3815 itaque

553 3837 668 3875 esse.
737 3824 868 3873 Nam
893 3824 1272 3886 argumentatio
1293 3834 1392 3875 est.
1427 3826 1545 3877 Feb.

615 3898 931 3963 Adur-sisque
963 3898 1100 3949 rebus
1129 3898 1248 3962 suis]
1291 3901 1470 3951 Juntae
1509 3917 1612 3952 nna

553 3988 680 4023 voce
719 3976 1004 4025 auctiores:
1043 3975 1281 4025 labor-ibus
1315 3978 1612 4041 adversisque

551 4048 690 4097 rebus
703 4050 816 4100 suis.
867 4050 1125 4101 laesoribus
1137 4058 1234 4114 est,
1245 4052 1410 4114 malis,
1425 4067 1610 4103 mrum-

550 4122 650 4173 uis.
717 4122 829 4172 Cic.
853 4138 892 4173 ι.
917 4126 1057 4173 Fam.
1081 4131 1133 4176 9.
1169 4132 1182 4154 ·
1203 4127 1363 4190 Cujus
1387 4140 1515 4189 erga
1528 4142 1609 4177 me

548 4194 862 4259 singularem
899 4199 1306 4251 benevolentiam
1337 4204 1420 4251 vel
1455 4204 1506 4251 in
1540 4204 1611 4253 la-

554 4271 680 4325 bore
703 4286 817 4323 meo
834 4275 916 4324 vel
933 4274 984 4323 in
1001 4276 1194 4327 honore
1209 4278 1491 4343 perspexi.'
1525 4278 1609 4332 Id.

1233 422 1444 471 κοτε
1491 382 1897 470 umanum
1945 420 2025 469 m

1677 576 1763 613 ιιι.
1786 567 1865 613 10.
1900 564 1917 591 ⁸
1944 562 2220 626 Multaque
2242 562 2363 611 mibi
2386 562 2662 614 veniebant
2680 566 2733 614 ln

1676 644 1923 699 mentem,
1960 637 2290 699 quamobrem
2322 638 2477 687 istum
2504 638 2736 690 laborem

1678 714 1775 763 tibi
1796 714 1953 762 etiam
1972 713 2151 761 honori
2173 720 2409 777 putarem
2430 712 2577 764 sorel
2640 716 2737 765 Te-

1678 796 1813 837 rent.
1836 787 2000 837 Andr.
2024 802 2073 837 v·
2096 792 2148 837 2.
2214 789 2229 815 ‘
2253 788 2439 837 Nonne
2456 795 2511 838 te
2526 790 2739 839 miseret

1678 864 1779 913 mei
1800 870 2001 913 tantum
2030 864 2257 913 laborem
2280 878 2468 927 capere
2488 866 2557 914 ob
2580 866 2737 915 talem

1676 938 1833 989 filium
1851 939 1887 987 ἴ
1954 940 2076 989 vid.
2118 940 2189 990 ibi
2230 940 2515 992 Donatum.
2592 941 2737 1005 Virg.

1677 1016 1791 1067 AEu.
1816 1028 1892 1065 nr.
1924 1016 1940 1043 ‘
1965 1014 2111 1065 Iliaci
2134 1014 2333 1065 labores
2347 1016 2365 1039 ’
2386 1024 2507 1065 sunt
2530 1017 2739 1066 calami-

1676 1096 1810 1139 tates
1844 1090 2201 1153 Trojanorum.
2236 1090 2423 1140 Horat.
2442 1105 2529 1141 ιιι.
2570 1093 2633 1142 C.
2654 1096 2737 1143 n.

1678 1166 1693 1194 ‘
1720 1163 2014 1215 Defunctus
2034 1165 2331 1215 laboribus.'
2363 1166 2529 1217 (ὅταν.

1744 1243 1825 1305 §4
1877 1242 2039 1291 Neues
2072 1240 2259 1290 incendi
2281 1240 2447 1305 jubet]
2500 1242 2583 1293 Id.
2618 1244 2737 1294 eod.

1678 1316 1887 1365 consilio
1911 1314 2085 1365 fecere
2108 1316 2370 1379 Corcyraei
2394 1332 2477 1381 ap.
2498 1318 2737 1383 Thucyd.

1678 1407 1769 1444 ιιι.
1806 1398 1883 1443 18.
1904 1398 1987 1444 22.
2056 1395 2171 1444 Nec
2202 1394 2469 1444 dissimilia
2506 1396 2623 1446 Liv.
2658 1410 2739 1448 tx.

1678 1473 1763 1519 28.
1798 1472 1924 1519 item
1949 1482 2071 1519 xx1.
2108 1474 2192 1519 «ts.
2226 1476 2279 1519 et
2314 1474 2395 1519 44.
2428 1471 2554 1519 item
2592 1484 2737 1521 xm.

1682 1550 1759 1596 10.
1798 1550 1846 1597 8.
1915 1546 2172 1609 Britanni,
2205 1548 2221 1574 ‘
2244 1546 2476 1607 obseptis
2515 1544 2738 1612 effugiis,

1680 1623 1841 1671 multa
1856 1627 1913 1669 et
1928 1622 2070 1670 clara
2084 1620 2316 1671 facinora
2330 1622 2581 1672 edidere!
2612 1625 2737 1673 Tae.

1684 1710 1785 1746 xu.
1808 1701 1887 1746 81.
1943 1696 2197 1747 Nimirum
2233 1700 2248 1726 ‘
2276 1699 2395 1747 Una
2411 1700 2549 1747 salus
2572 1698 2737 1759 vietis,

1682 1774 1869 1827 nullam
1892 1787 2103 1838 sperare
2126 1774 2345 1823 salutem
2361 1773 2395 1822 :'
2426 1774 2611 1838 virgil.
2628 1775 2737 1824 AEn.

1682 1865 1745 1899 11.
1769 1854 1881 1901 854.
1946 1848 2085 1899 Add.
2106 1865 2219 1913 sup.
2243 1865 2283 1900 ι.
2302 1854 2351 1899 6.
2376 1854 2454 1900 10.
2489 1856 2545 1899 et
2566 1863 2661 1901 xx.
2684 1853 2734 1899 8.
2768 1868 2787 1895 ι.

1680 1930 1730 1975 «t.
1766 1925 1915 1975 Bam.

1748 2003 1824 2065 §⁶
1864 2000 2249 2063 Prosternet-ent]
2296 2000 2565 2051 Scribend.
2600 2001 2740 2051 vide·

1684 2084 1771 2127 tur
1788 2084 2100 2143 protererent.
2144 2091 2304 2127 xxiv.
2324 2082 2375 2127 4.
2405 2078 2423 2106 ‘
2446 2078 2740 2129 AliiMaee-

1682 2154 1906 2217 doniam,
1922 2156 2091 2204 onmia
2110 2153 2253 2203 ferro
2272 2164 2619 2218 proterentes,
2650 2169 2739 2221 pe·

1680 2232 1882 2283 tivere!
1917 2232 2082 2281 (ἕνα.

1750 2306 1951 2369 Hanno]
2000 2308 2071 2355 Et
2102 2304 2395 2371 Βορμίλκας
2448 2306 2611 2357 Diod.
2636 2321 2739 2358 ΣΧ.

1686 2386 1766 2432 10.
1791 2383 1879 2446 qui
1900 2382 2117 2432 Auctori
2138 2390 2315 2433 nostro
2339 2382 2529 2432 dieitur
2550 2383 2744 2433 Bomil-

1684 2472 1792 2521 car,
1828 2465 1919 2508 sut
1958 2460 2235 2509 Vomilear.
2301 2459 2618 2509 Habuerunt
2652 2473 2744 2509 su·

1686 2542 1793 2585 tem
1814 2537 1864 2585 iu
1888 2539 2123 2587 exercitu
2140 2543 2223 2589 40.
2241 2539 2318 2588 Μ.
2340 2536 2746 2603 peditum,equi·

1684 2618 1765 2661 tes
1800 2612 1956 2663 mille.
2022 2613 2181 2663 Diod.
2214 2614 2287 2664 ib.
2320 2614 2474 2663 Oros.
2506 2614 2613 2663 Ms.
2646 2627 2745 2677 pro

1688 2702 1829 2740 xxx.
1852 2690 1929 2739 M.
1954 2690 2113 2739 habet
2142 2689 2337 2752 viginti,
2365 2696 2423 2739 et
2460 2691 2538 2739 ita
2560 2704 2689 2739 unns
2709 2704 2744 2739 o

1686 2767 1892 2815 nostris.
1962 2766 2075 2815 Nec
2096 2767 2258 2829 magis
2290 2766 2341 2815 in
2366 2780 2620 2815 caesorum
2650 2780 2745 2815 nu·

1686 2854 1828 2889 mero
1864 2841 2193 2891 conveniunt.
2262 2840 2497 2903 Orosius,
2534 2841 2623 2905 qui
2660 2856 2745 2892 ee·

1686 2922 1797 2965 tera
1820 2916 1939 2965 hino
1965 2916 2356 2979 transcripsisse
2378 2916 2605 2978 videtur,
2640 2915 2743 2965 duo

1686 2992 1761 3039 M.
1800 2992 2097 3053 Poenorum,
2137 2991 2335 3041 siculos
2372 2991 2500 3041 duos
2522 3008 2537 3041 ε
2588 2992 2746 3042 Diod.

1686 3080 1784 3115 xx.
1804 3071 1883 3115 18.
1906 3068 2105 3118 illorum
2126 3068 2281 3129 mille,
2294 3068 2472 3118 horum
2490 3068 2747 3118 ducentos

1684 3142 1937 3192 cecidisse
1954 3142 2152 3192 scribit.
2183 3143 2343 3204 Βοιις.

1751 3218 1780 3280 §
1812 3220 1843 3265 8
1894 3216 2095 3266 Proedes
2126 3218 2342 3279 ingentes
2376 3218 2505 3281 ugit]
2562 3218 2743 3269 Plant-

1687 3290 1857 3341 Aulai.
1881 3306 1959 3341 tv.
1983 3298 2030 3342 2.
2050 3298 2100 3343 8.
2133 3295 2149 3321 ‘
2172 3294 2375 3357 Edepol
2395 3309 2475 3343 nae
2500 3293 2605 3343 illic
2630 3295 2745 3358 pul-

1684 3366 1861 3416 chram
1899 3369 2125 3431 praedam
2172 3369 2335 3433 agat!
2418 3370 2530 3421 Liv.
2570 3382 2611 3419 ι.
2656 3374 2745 3420 22.

1681 3441 1698 3469 ⁴
1724 3444 1879 3493 Forte
1902 3447 2095 3505 evenit,
2118 3452 2175 3495 ut
2196 3452 2423 3508 agrestes
2440 3447 2659 3495 Romani
2673 3461 2745 3495 ex

1683 3518 1886 3569 Albano
1910 3534 2051 3583 agro,
2071 3520 2263 3571 Albani
2278 3536 2344 3570 ex
2362 3523 2593 3571 Romano
2608 3536 2748 3585 prn-

1684 3595 1775 3646 dss
1811 3597 2031 3645 invicem
2063 3597 2323 3661 agerentz’
2368 3605 2425 3647 et
2448 3610 2621 3647 xxm.
2656 3601 2744 3647 86.

1681 3672 1697 3699 ‘
1722 3672 1997 3722 Exercitus
2034 3679 2275 3735 tyronum
2312 3674 2536 3736 spolians
2575 3674 2751 3723 victos

1681 3748 1983 3813 praedasque
2004 3747 2199 3811 agens!
2234 3748 2441 3797 Gronov.
2504 3748 2645 3798 Saxo
2666 3762 2749 3799 vs.

1684 3838 1739 3886 p.
1760 3828 1841 3873 97.
1864 3820 1904 3872 f.
1940 3824 1955 3852 ‘
1975 3823 2223 3888 Ingentes
2248 3822 2452 3887 praedas
2474 3838 2633 3887 agere
2655 3822 2752 3873 bo-

1684 3900 1903 3949 uestatis
1925 3900 2041 3949 loco
2062 3908 2297 3951 curatum
2318 3899 2436 3950 est.'
2506 3902 2634 3964 Leg.
2652 3914 2749 3963 p·-

1683 3979 1837 4026 tatam
1857 3982 1944 4029 est.

1750 4053 1832 4115 §9
1868 4054 2043 4101 Castro
2069 4051 2228 4115 quinto
2260 4050 2438 4114 lupide]
2470 4049 2752 4101 Assentior

1684 4124 1861 4177 Grono
1868 4127 1966 4188 vio,
1980 4128 2067 4192 qui
2084 4142 2150 4176 ex
2174 4128 2297 4177 Mss.
2313 4126 2501 4189 probat
2514 4126 2565 4173 in
2580 4124 2752 4189 quinto

1682 4200 1855 4263 lapide.
1908 4203 2029 4253 vid.
2055 4216 2090 4252 1.
2113 4202 2179 4251 de
2202 4202 2399 4253 Peeun.
2416 4202 2535 4251 Vet.
2557 4205 2609 4251 8.
2633 4200 2750 4251 Act-

1684 4278 1993 4343 stipulantur
2012 4280 2213 4353 ἔπαιε..
2242 4279 2406 4329 (ἕν-ευ.
2472 4276 2753 4343 Antiquio-
