3025 4842
894 398 1194 447 susum
1244 401 1389 449 mn.
1436 402 1692 452 xxxv.
1739 406 1905 455 car.
1953 394 2016 458 1.

343 536 489 587 velut
512 537 831 601 aute-pulum
855 544 911 589 et
932 540 1159 605 de-palo,
1180 542 1407 603 penden-

343 621 427 663 tes
461 628 658 664 merces
680 614 837 663 habet
864 622 921 667 et
944 617 1151 667 vendit:
1186 624 1403 683 eamque

340 702 525 739 vocem
560 690 748 755 ubique
770 688 883 741 fere
919 706 1013 757 per
1042 706 1271 743 errorem
1294 708 1403 743 esse

338 771 599 814 mutatam
621 764 674 813 iu
710 766 923 829 propotu,
952 782 1069 830 quas
1103 782 1203 816 vox
1228 775 1403 818 tamen

342 839 539 890 Graeca
556 847 661 902 est,
678 846 734 889 et
750 849 1086 903 proxenetam
1110 858 1203 892 seu
1228 845 1403 895 vendi·

310 965 315 971 ,
341 915 499 965 tionis
530 914 919 965 conciliatorem
954 917 1231 979 significat,
1266 926 1403 971 teste

341 988 563 1039 Polluce
586 1002 691 1038 vu.
714 986 787 1037 2?
852 988 1149 1040 Consimilis
1176 992 1403 1046 Tui-neb.

344 1063 568 1115 Advers.
592 1078 631 1115 ι.
654 1069 704 1114 1.
760 1064 1011 1117 Ostendit
1030 1068 1190 1119 etism
1212 1070 1404 1133 episto-

344 1142 449 1191 lam
484 1158 515 1190 a
534 1142 839 1206 Bongsrsio,
868 1149 991 1191 ante
1010 1143 1103 1193 bos
1126 1148 1207 1201 20.
1242 1159 1403 1196 anuos

342 1208 411 1265 a‘d
448 1230 507 1265 se
542 1216 810 1280 scriptam,
848 1223 905 1267 et
936 1218 1055 1268 buic
1086 1220 1403 1284 expositioni

340 1290 775 1354 subscribentem,
817 1306 934 1343 cum
994 1300 1147 1345 autea
1202 1296 1403 1358 putarit

340 1368 549 1419 Justino
566 1369 809 1433 propalam
824 1368 911 1418 bic
930 1368 1297 1419 adverbialiter
1316 1385 1402 1420 ac

342 1444 459 1508 cipi.
542 1444 781 1509 Scaliger
834 1452 1007 1495 tamen
1060 1446 1116 1495 in
1172 1446 1401 1495 Culicem

344 1520 531 1584 virgil.
553 1535 608 1584 p.
628 1524 709 1569 42.
732 1520 917 1571 statuit
946 1522 1142 1585 propala
1162 1535 1266 1570 uon
1289 1528 1401 1591 ety-

343 1596 601 1658 mologioe,
617 1596 711 1645 sed
735 1610 913 1660 pravae
934 1596 1261 1647 librariorum
1282 1610 1402 1647 cou-

343 1671 629 1721 suetudinis
664 1686 781 1721 esse
812 1672 1144 1736 scripturam,
1165 1686 1261 1737 pro
1293 1690 1403 1738 pro·

338 1748 478 1809 polo:
510 1748 609 1796 boc
644 1754 821 1797 autem
858 1762 961 1798 non
991 1756 1132 1799 esset
1170 1756 1339 1800 ortum
1369 1764 1402 1799 a

341 1834 484 1871 mere
508 1822 701 1873 Graeco
721 1823 988 1887 προπόλης,
1005 1826 1091 1889 qui
1114 1832 1193 1875 cst
1216 1840 1403 1889 proxe-

342 1901 471 1945 neta
492 1903 549 1946 et
565 1898 797 1960 paratius
810 1899 1059 1959 Senecam
1093 1900 1183 1949 sed
1208 1914 1321 1951 esse
1334 1916 1401 1951 ex

344 1969 541 2021 Graeco
562 1974 733 2023 nativ
753 1980 809 2023 et
824 1974 1009 2024 Latina
1024 1988 1189 2038 praep.
1214 1974 1404 2025 confla·

346 2052 477 2109 tum,
512 2046 707 2111 duplici
751 2058 1082 2114 argumentoz
1135 2055 1241 2101 tum
1280 2054 1403 2115 quia

342 2122 589 2189 producit
609 2124 823 2188 primam
846 2126 1119 2190 syllabam,
1138 2142 1253 2178 cum
1276 2128 1403 2179 alio-

342 2198 451 2262 qui,
495 2198 541 2247 si
584 2198 777 2250 Graeca
814 2210 973 2264 esset,
1017 2204 1398 2267 corriperetur:

347 2280 455 2323 tum
480 2276 637 2325 etiam
660 2278 779 2341 quia
811 2277 1065 2327 diversam
1090 2294 1121 2329 a
1152 2280 1401 2343 προτόλης

342 2348 775 2412 significationem
796 2352 972 2403 babet.
1034 2354 1221 2405 Dictus
1246 2356 1402 2423 enim,

345 2424 481 2487 quod
504 2425 697 2488 primus
730 2427 925 2477 vendat
960 2442 1181 2491 merces,
1201 2429 1403 2493 quasin

344 2508 496 2563 portu
519 2502 717 2565 primus
736 2504 1008 2568 anticipat,
1024 2510 1099 2565 et,
1112 2511 1171 2554 ιιι
1187 2505 1401 2555 Persius

344 2577 439 2639 ait,
479 2579 497 2609 ‘
518 2577 715 2641 primus
759 2579 895 2629 tollit
938 2580 1091 2643 piper
1125 2595 1157 2628 a
1194 2580 1403 2630 sitiente

342 2654 574 2714 camelo:
604 2660 664 2705 ut
687 2655 827 2720 prior
849 2658 1059 2709 vendat.
1127 2658 1279 2709 Quod
1300 2672 1402 2707 ms-

342 2727 533 2777 nifcste
550 2728 719 2777 innuit
740 2729 1008 2795 Lucillius,
1026 2732 1221 2781 citatus
1244 2746 1275 2780 a
1296 2733 1401 2783 No·

342 2802 451 2866 uio,
474 2818 605 2855 voce
628 2804 893 2855 Prim'ur:
926 2807 943 2835 ‘
963 2807 1129 2856 Sicuti
1160 2820 1279 2856 eum
1299 2806 1403 2871 pri·

342 2892 455 2929 mus
476 2878 603 2931 ficos
636 2882 855 2944 propola
877 2888 1115 2932 recentes
1134 2882 1401 2941 Protulit;

342 2964 398 3006 et
415 2958 589 3021 pretio
605 2958 807 3021 ingenti
822 2956 913 3007 dat
926 2957 1159 3021 primitu’
1174 2956 1403 3023 paucos?

342 3032 648 3098 Quanquam
690 3032 849 3083 etiam
890 3033 943 3081 in
981 3032 1061 3081 bis
1101 3032 1404 3083 Lucillianls

337 3112 537 3175 propala
574 3110 809 3161 nonnulli
848 3111 965 3161 libri
1000 3110 1227 3160 babent:
1276 3110 1403 3160 item

342 3186 399 3235 iu
436 3188 589 3237 Varr-
626 3185 695 3236 de
727 3188 797 3237 R.
818 3188 883 3237 R.
907 3200 999 3236 m.
1026 3188 1110 3235 14.
1175 3186 1315 3238 Quin
1348 3185 1401 3235 iu

340 3262 445 3313 illis
460 3277 668 3328 quoque
690 3262 803 3314 Cic.
819 3262 873 3311 iu
893 3262 1070 3312 Pison.
1088 3264 1173 3311 2¹7.
1206 3261 1225 3289 ⁸
1242 3259 1403 3310 Panis

340 3344 400 3388 et
438 3338 611 3387 vinnm
650 3339 887 3403 propala,
928 3346 1083 3403 atque
1120 3335 1189 3387 de
1233 3334 1406 3401 cupa.’

341 3412 479 3464 Mss.
507 3412 869 3463 Palatinorum
894 3421 949 3463 et
972 3412 1093 3461 edd.
1116 3418 1250 3462 vett.
1272 3414 1405 3465 hanc

342 3502 463 3538 esse
500 3488 834 3553 scripturam,
872 3494 1097 3539 testatur
1131 3487 1405 3539 Gruterus.

340 3562 451 3613 Pro
471 3563 569 3614 boc
591 3564 715 3613 item
738 3566 939 3629 proptia
972 3566 1024 3614 iu
1058 3572 1168 3628 opt.
1192 3564 1403 3614 Glossa-

340 3639 421 3689 rio
456 3640 705 3703 scriptum
750 3639 1007 3689 invenisse
1056 3654 1114 3689 se
1168 3639 1407 3705 Scaliger

340 3716 546 3766 asserit.
607 3715 773 3764 Porro
794 3714 1009 3765 similem
1030 3713 1153 3764 huic
1186 3715 1237 3763 iu
1270 3716 1404 3765 Nos·

336 3797 427 3840 tro
448 3790 617 3840 locum
636 3791 741 3841 vid.
756 3802 963 3841 xxxix.
985 3795 1034 3840 1.
1051 3796 1100 3839 6.
1121 3791 1403 3843 Bas-econ.

340 3866 609 3916 Celeberr.
650 3866 729 3915 vir
764 3867 853 3915 Fr.
876 3866 1171 3916 Gronovius
1207 3866 1404 3929 optime

338 3939 574 4003 conjecit
610 3939 869 3991 scribeud.
904 3941 991 3990 bic
1015 3954 1152 4004 esse,
1185 3941 1285 3989 snb.
1306 3942 1408 3991 Ba·

338 4016 439 4063 laia
454 4030 505 4076 q.
546 4014 781 4077 Josepbo
800 4014 941 4065 enim
958 4012 1257 4078 Ἀλέξωνδροε
1276 4015 1305 4062 ὁ
1318 4011 1407 4063 Βό-

340 4098 434 4139 λας
456 4088 652 4139 dieitur
668 4103 759 4139 ιιι.
776 4093 827 4141 8.
848 4091 929 4141 uti
944 4090 1143 4140 babent
1164 4088 1283 4139 libri
1304 4102 1409 4139 rne-

340 4166 513 4215 liores.
544 4164 679 4215 Voss.
703 4164 1408 4215 PraeclaraGmnoviiemen-

339 4241 487 4291 datio
508 4247 589 4289 est
607 4255 624 4300 3
658 4241 734 4291 ita
754 4254 977 4304 namque
1002 4240 1087 4289 ille
1110 4238 1409 4289 Alexander

474 4319 651 4383 Deiph.
678 4326 726 4369 et
752 4320 868 4370 Ver.
895 4318 1026 4369 Cius.

378 4376 411 4398 f

1366 4318 1553 4367 dmin.

2419 400 2552 465 97⁷

1478 540 1770 595 dicebatur.
1817 546 1882 597 Iu
1904 546 2034 600 Mss.
2051 556 2106 599 et
2128 549 2402 617 Impressis
2423 556 2552 607 uilnii

1478 618 1712 669 subsidii.
1761 620 1860 670 Iu
1845 622 1907 672 tis
1933 624 2105 674 omnia
2127 634 2248 676 sunt
2265 626 2552 682 foedissime

1477 693 1783 757 inquinata;
1817 696 1904 746 alii
1921 700 2059 748 enirn
2075 699 2271 754 babent
2283 704 2550 769 prop-bn,

1476 768 1563 817 alii
1596 770 1860 835 propalam,
1897 776 1981 834 isc.
2037 774 2223 827 Faber.
2312 778 2548 832 Gronov.

1478 844 1807 898 0bs.1v.10.
1829 854 1886 898 et
1911 848 2134 914 Rupert.
2153 851 2289 903 obs.
2310 856 2378 905 ad
2405 856 2548 910 Hist.

1478 920 1718 972 Univers.
1756 926 1833 973 1⁰.
1871 924 2054 989 legunt
2091 927 2265 976 Bolum
2305 934 2547 992 quendam.

1478 996 1699 1046 Constat
1725 998 1862 1047 euim
1895 1014 1963 1049 ex
1991 1001 2170 1052 Str-ab.
2203 1002 2422 1067 Josepb.
2444 1006 2548 1056 Eu·

1476 1071 1588 1121 seb.
1613 1072 1746 1122 bunc
1771 1087 1946 1137 regem
1970 1075 2165 1126 dictum
2189 1092 2299 1127 esse
2323 1078 2549 1131 Alexan-

1476 1142 1626 1193 drum
1662 1146 1860 1197 Balatu.
1925 1146 2028 1212 Ap.
2072 1150 2264 1201 Euseb.
2301 1162 2550 1220 corrupte

1476 1220 1726 1271 scribitur
1755 1220 2053 1287 Ἀλέξανδρος
2085 1226 2113 1274 ὁ
2148 1228 2236 1275 τοῦ
2263 1230 2417 1293 Βαλᾶ,
2455 1244 2550 1294 pro

1472 1292 2012 1362 ’mdefflpsomiia
2030 1308 2088 1350 ut
2109 1302 2328 1367 Rupert.
2353 1304 2548 1359 docuit.

1480 1372 1646 1423 (ἔνου.
1713 1375 1926 1425 Frustra
1941 1383 2065 1427 sunt
2085 1378 2170 1442 qui
2189 1382 2435 1443 propalans
2457 1396 2546 1432 no·

1476 1462 1596 1497 men
1618 1450 1986 1513 appellativum
2009 1466 2123 1503 esse
2147 1460 2354 1517 putant.
2407 1457 2548 1507 Quo-

1477 1524 1614 1573 niam
1659 1539 1728 1574 ex
1771 1525 1986 1577 historia
2021 1536 2197 1577 notum
2237 1536 2337 1591 est,
2373 1530 2544 1593 ipsum

1476 1599 1631 1660 bunc,
1653 1599 1720 1650 de
1739 1616 1844 1667 quo
1866 1604 1952 1652 hic
1976 1604 2168 1667 agitur,
2187 1606 2394 1655 nomine
2427 1620 2547 1669 pro-

1478 1675 1591 1737 prio
1635 1675 1814 1725 Balam
1873 1684 2132 1740 vocatum,
2187 1678 2371 1741 quidni
2425 1694 2543 1730 cum

1477 1750 1712 1803 Gronov·
1746 1752 2016 1802 credamus
2051 1753 2260 1815 legend.
2305 1768 2422 1804 esse
2446 1756 2549 1805 Ba·

1476 1816 1574 1875 lam
1610 1824 1876 1890 quadam?
1965 1826 2276 1877 Nominibus
2319 1832 2546 1893 propriis

1478 1902 1603 1953 addi
1623 1904 1790 1955 solere
1809 1906 2006 1969 qnidam
2033 1912 2214 1953 notum
2237 1910 2340 1954 est.
2407 1906 2547 1971 Nep.

1478 1992 1560 2029 iv.
1591 1982 1642 2028 4.
1670 1985 1716 2031 1.
1748 1979 2016 2045 ‘Argilius
2055 1978 2263 2044 quidam
2284 1980 2317 2029 :’
2347 1986 2405 2031 et
2441 1994 2546 2031 xx.

1477 2060 1526 2103 6.
1564 2058 1612 2104 Ξ.
1643 2055 1966 2105 ‘Laruestius
2001 2054 2252 2119 quidam?
2315 2055 2438 2106 Vid.
2487 2064 2548 2107 et

1478 2126 1596 2177 lud.
1631 2127 1686 2179 in
1724 2144 1842 2179 eum
1866 2132 2184 2187 Auctoremz
2219 2130 2305 2179 ubi
2325 2130 2549 2183 Boecle·

1476 2216 1564 2253 rus
1602 2204 1864 2270 observat,
1890 2206 1907 2233 ⁶
1926 2220 2208 2270 pronomen
2249 2206 2346 2256 boc
2383 2208 2548 2258 nomi-

1476 2280 1626 2331 nibus
1648 2282 1872 2346 propriis
1905 2282 2051 2345 addi,
2081 2282 2340 2332 interdum
2375 2282 2548 2349 desig·

1474 2356 1634 2405 nandi
1669 2370 1856 2410 causa:
1905 2355 2168 2407 interdum
2205 2358 2546 2409 contemtim=

1476 2434 1749 2499 aliquando
1767 2436 1911 2500 qussi
1929 2436 1995 2485 de
2013 2434 2292 2499 ignotiore,
2305 2435 2548 2501 obscuro,

1477 2516 1568 2558 aut
1589 2510 1763 2559 obiter
1781 2510 2104 2564 memorato!
2136 2510 2350 2559 Dicitur
2371 2518 2545 2563 sutem

1476 2582 1652 2632 Bolum
1668 2587 1910 2647 quendem
1925 2598 2041 2647 pro,
2052 2584 2322 2647 quemdam
2339 2588 2547 2635 nomine

1474 2658 1685 2720 Balam3
1737 2665 1795 2708 ut
1833 2672 1919 2721 ap.
1958 2659 2097 2721 Nep.
2129 2658 2391 2722 ‘Argilius
2433 2662 2548 2726 qui-

1475 2732 1620 2783 dsm’
1661 2747 1777 2797 pro,
1812 2732 2020 2798 quidam
2057 2734 2263 2784 nomine
2297 2736 2548 2799 Argiuus.

1481 2808 1642 2859 Vorst.
1710 2808 1884 2858 Probe
1907 2808 2001 2868 illi,
2021 2808 2106 2871 qui
2135 2822 2230 2870 pro
2253 2809 2353 2857 isto
2371 2824 2546 2873 prop«-

1470 2884 1588 2947 lass,
1620 2882 1756 2947 quod
1795 2890 1878 2931 cst
1915 2880 2060 2944 nibil,
2087 2880 2412 2931 substituunt
2439 2884 2547 2932 Ba-

1474 2962 1599 3011 ium:
1646 2959 1758 3024 sed,
1800 2960 1922 3024 quia
1975 2960 2072 3008 boc
2119 2964 2321 3007 tautum
2363 2964 2546 3021 potest

1475 3033 1761 3085 succedere
1800 3038 1870 3097 τᾷ
1907 3036 2083 3100 polam,
2124 3033 2323 3099 reliqua
2363 3040 2546 3085 manet

1476 3109 1680 3173 syllaba
1713 3124 1800 3173 pro
1839 3110 1891 3159 iu
1925 3111 2185 3173 propalam.
2254 3110 2386 3161 Quae
2425 3122 2542 3157 cum

1477 3198 1578 3235 non
1618 3192 1816 3235 temere
1847 3186 2020 3250 putari
2061 3184 2227 3249 possit
2262 3200 2293 3234 a
2329 3184 2546 3235 librario

1478 3260 1709 3323 adjecta,
1755 3260 1904 3311 venio
1944 3262 1996 3309 in
2039 3274 2152 3309 eam
2209 3259 2547 3321 senteutiam,

1478 3337 1626 3401 qnasi
1663 3336 1747 3385 liic
1789 3336 1928 3386 desit
1957 3350 2144 3386 nomen
2181 3334 2392 3400 aliquod
2426 3350 2548 3399 pro-

1478 3412 1668 3474 prium,
1705 3416 1860 3476 atque
1903 3412 1978 3461 sic
2023 3412 2134 3461 lia-c
2181 3410 2344 3461 verba
2386 3410 2544 3461 scribi

1477 3486 1735 3537 debcant:
1769 3488 2022 3537 mom-t
2047 3487 2384 3551 promBusm
2409 3501 2548 3550 quea-

1475 3562 1604 3613 dam.
1681 3562 1872 3613 Putem
1915 3570 2088 3613 autem
2129 3561 2310 3611 deesse
2351 3574 2544 3609 nomen

1478 3636 1682 3702 pupilli,
1702 3644 1791 3688 aut
1813 3638 1908 3689 filii
1929 3637 2194 3701 Antiochi,
2216 3652 2247 3687 a
2273 3634 2546 3686 Demetrio

1477 3712 1659 3776 occisi,
1701 3714 1836 3778 quod
1881 3714 1983 3764 fuit
2030 3714 2305 3777 Eupatoria,
2357 3718 2415 3760 et
2467 3710 2544 3760 sic

1478 3789 1690 3840 restitui
1728 3804 1880 3853 posse
1923 3790 2122 3838 omnia:
2167 3786 2422 3835 subornon
2457 3798 2546 3847 pro

1484 3866 1724 3929 Eupaem
1745 3868 1918 3917 Boiam
1940 3866 2187 3929 qaenam».
2252 3860 2366 3911 Nisi
2391 3862 2544 3923 plane

1481 3940 1584 3989 alia
1617 3947 1674 3990 et
1715 3942 1868 4004 plura
1911 3939 2098 4000 desint,
2142 3938 2264 4002 quia
2295 3936 2548 4001 sequitur,

1480 4014 1731 4065 indidisse
1769 4016 1820 4064 ei
1863 4028 2050 4065 nomeu
2091 4027 2194 4062 nou
2246 4012 2548 4076 Eupatoria,

1482 4088 1573 4138 sed
1611 4088 1920 4140 Alexandri.
1985 4089 2056 4138 Et
2092 4088 2354 4138 finxerunt
2391 4086 2548 4149 forte,

1482 4172 1676 4228 praeter
1712 4166 2046 4227 Eupatorem,
2083 4162 2248 4213 adbuc
2295 4162 2450 4213 alium
2489 4162 2548 4213 li-

1484 4237 1629 4302 lium,
1642 4236 1969 4301 Antiochum,
1991 4246 2050 4288 ιιι
2071 4240 2146 4288 sic
2169 4240 2218 4288 in
2243 4239 2428 4287 lacuna
2447 4239 2548 4288 ista

2301 4320 2331 4364 8
2367 4316 2414 4366 Q
