3025 4842
530 404 703 473 105⁰
1004 410 1387 469 auctusne
1436 408 1870 461 ann-ionum
1913 406 2177 461 ,ποετ-ιη
2189 406 2238 456 ι.

531 574 732 636 beum.
778 570 1231 649 Subjunguntnr
1258 571 1515 647 quatuor
1539 562 1836 625 disticbat
1877 564 2104 623 ‘Aurea
2129 556 2388 631 justini:
2411 562 2534 619 dcc.
2577 558 2738 621 Post

532 688 669 748 quae
694 666 935 729 tandem
961 662 1273 725 exhibetur
1299 658 1572 739 Epistola
1598 656 1872 719 Sabellici
1893 656 1972 717 ad
1991 656 2414 727 Contarenum,
2432 672 2570 713 cum
2591 656 2742 715 sub·

532 763 884 841 scriptione:
923 766 943 797 ⁴
964 760 1325 837 Impressum
1368 753 1680 815 Venetiam
1727 753 1865 829 (sic)
1903 770 2015 831 per
2051 748 2392 828 magistrum
2437 750 2738 811 loannem

530 854 868 917 Tacuinum
918 853 997 913 de
1040 850 1294 911 Tridino
1326 864 1406 909 u.
1436 862 1671 909 cccco.
1712 861 1841 910 vu.
1882 845 1978 906 die
2025 860 2206 905 xvn.
2247 843 2738 919 hlaiv—Index,

534 968 711 1029 quem
739 947 1035 1028 promittit
1078 944 1289 1007 titulus
1316 943 1495 1021 hujus
1541 940 1833 1013 editionis,
1857 940 1918 1000 in
1945 959 2016 1000 ea
2041 958 2160 999 non
2185 938 2496 1019 reperitur.
2555 938 2738 1000 Unde

534 1044 845 1105 Gronovio
886 1050 1021 1105 orta
1063 1040 1347 1121 suspicio,
1394 1057 1529 1099 eam
1555 1043 1577 1073 ⁸
1597 1036 1827 1097 vivente
1875 1036 2116 1115 quidem
2155 1033 2447 1095 sabellico
2499 1034 2737 1113 prelum

536 1137 805 1213 subiisse,
835 1146 976 1219 post
1000 1144 1251 1197 mortem
1279 1155 1421 1197 vero
1446 1134 1624 1212 ipsius
1649 1131 1886 1193 demum
1909 1131 1986 1192 ad
2031 1130 2208 1191 finem
2259 1128 2443 1191 finisse
2487 1129 2736 1208 perdue-

536 1242 694 1297 tam:
736 1233 1025 1314 siquidem
1078 1251 1237 1293 anno
1285 1246 1497 1292 unvl.
1538 1228 1794 1290 animam
1843 1228 1978 1288 Deo
2023 1223 2289 1287 reddidit
2333 1224 2562 1285 illustre
2587 1223 2738 1285 illud

540 1330 730 1392 ltalia!
746 1330 995 1391 literatus
1018 1330 1473 1389 ornamentum.’
1510 1327 1613 1387 ef.
1641 1327 1869 1386 Panzer
1883 1322 2066 1385 Tom.
2086 1336 2244 1382 vlu.
2271 1342 2335 1401 p.
2363 1330 2505 1385 385.

631 1432 786 1488 1510
823 1424 1065 1488 Juntina
1093 1438 1142 1483 1.
1174 1432 1232 1485 8.
1274 1430 1517 1483 curante
1537 1419 1812 1481 Mariano
1829 1418 2088 1479 Tuccio.
2129 1422 2148 1453 ‘
2167 1416 2438 1478 lustinus
2455 1436 2574 1477 una
2599 1435 2740 1477 cum

542 1521 617 1581 L.
644 1522 819 1581 Floro
845 1538 1033 1598 nuper
1065 1515 1428 1597 castigatus!
1510 1515 1638 1577 Fol.
1674 1523 1726 1575 l.
1753 1515 1818 1576 b.
1903 1518 1922 1549 ⁴
1945 1512 2245 1573 Marianus
2283 1511 2556 1572 Tuccius
2601 1512 2741 1573 Flo·

542 1615 808 1677 rentinus
864 1614 1117 1675 Andreas
1162 1613 1544 1693 Marsuppino
1583 1610 1791 1691 juveni
1837 1607 2206 1670 ornatissimo
2277 1608 2366 1667 S.’
2457 1607 2526 1667 In
2575 1604 2698 1668 fine
2721 1628 2742 1669 ε

544 1714 565 1743 ⁴
582 1711 937 1790 impressum
984 1708 1322 1782 Florentiae,
1368 1727 1556 1789 opera
1596 1715 1774 1785 atque
1818 1705 2081 1783 impensa
2131 1702 2350 1782 Filippi
2389 1702 2462 1761 de
2505 1700 2744 1763 Giunta

546 1804 890 1878 Florentini,
943 1810 1120 1867 1510.
1162 1806 1335 1865 tertio
1387 1803 1695 1865 Galeodas
1719 1803 1786 1879 (l.
1835 1800 2158 1875 calendas)
2203 1795 2514 1868 Februarii,
2555 1794 2745 1857 Petro

548 1898 833 1961 Soderino
858 1908 1149 1980 perpetuo
1171 1898 1515 1961 vexillifero
1541 1897 2217 1959 existente.’—Gronov.
2241 1893 2300 1954 in
2318 1892 2494 1954 Praef.
2516 1894 2746 1955 Panaer

546 1994 731 2058 Tom.
754 2012 885 2057 vn.
914 2016 979 2075 p.
1012 2003 1111 2058 12.

620 2077 711 2139 ⁵—-
740 2090 1199 2151 Mediolanensis
1229 2108 1323 2153 ιν.
1351 2092 1455 2153 fol.
1536 2096 1554 2126 ‘
1577 2091 1760 2169 Trogi
1805 2086 2068 2167 Pompeii
2115 2084 2374 2146 Historia
2416 2104 2526 2166 per
2568 2085 2748 2147 Justi·

551 2202 691 2245 num
718 2184 779 2243 in
804 2182 1217 2263 compendium
1246 2185 1485 2247 redacta
1512 2184 1774 2263 proxime
1812 2202 1992 2263 quam
2033 2180 2508 2243 emendatissime
2549 2180 2746 2243 edin:

551 2278 848 2339 lustinum
876 2278 1237 2338 comitantur
1260 2280 1466 2339 Florus
1493 2288 1557 2338 et
1587 2278 1801 2349 Rufus,
1827 2278 1888 2336 in
1915 2277 2088 2355 cujus
2129 2274 2250 2336 fine
2269 2272 2544 2336 additur:
2587 2282 2608 2311 ‘
2629 2276 2750 2335 Ha·

552 2372 664 2432 bes
690 2370 960 2432 Candide
988 2372 1204 2432 Lector
1228 2372 1288 2433 in
1316 2372 1432 2434 hoc
1458 2372 1748 2433 volumine
1775 2391 1894 2433 non
1923 2374 2113 2433 minus
2155 2370 2321 2431 utilia
2341 2389 2524 2450 quam
2549 2368 2749 2451 lep‘ula

552 2464 775 2528 Justini
798 2466 859 2527 in
879 2466 1172 2546 Trogum,
1199 2477 1262 2529 et
1292 2464 1449 2528 nori
1470 2466 1528 2527 in
1549 2468 1816 2528 Livium:
1855 2468 2100 2548 insuper
2117 2467 2280 2527 Sexti
2307 2465 2466 2527 Ruffi
2485 2466 2746 2528 vix-icon·

556 2561 767 2621 aulatis
804 2562 1146 2641 Epitbomas
1172 2582 1361 2644 nuper
1401 2563 1840 2642 castigatissime
1880 2563 2200 2623 Mediolani
2239 2562 2554 2642 impressas
2597 2562 2747 2641 apud

558 2656 929 2719 Leonardum
955 2658 1225 2737 Vegium.
1268 2674 1349 2720 u.
1380 2674 1447 2719 n.
1492 2674 1564 2718 x.
1605 2657 1776 2718 nonis
1803 2656 2392 2737 Maiys.'—Gronov.
2417 2656 2574 2721 ibid.
2600 2657 2748 2719 Pan-

560 2770 663 2813 aer
686 2752 863 2815 Tom.
906 2770 1004 2817 nt.
1030 2772 1095 2833 p.
1125 2762 1266 2816 534.
2066 2733 2098 2757 ⁶

639 2880 723 2896 --
744 2849 989 2914 Juntina
1007 2866 1088 2912 11.
1110 2870 1162 2912 s.
1182 2849 1228 2911 l.
1248 2858 1313 2911 et
1334 2855 1568 2931 typogr.
1595 2856 1654 2910 8.
1694 2854 1714 2885 ⁴
1733 2846 1950 2912 Justini
1969 2848 2226 2910 Historia
2246 2869 2320 2909 ex
2345 2848 2550 2929 ‘li-ogo
2576 2850 2751 2911 Pom-

560 2942 695 3021 peio
721 2954 977 3024 quatuor
1000 2954 1066 3007 et
1091 2944 1325 3024 triginta
1350 2945 1495 3023 (sic)
1519 2942 1894 3024 epitbomatis
1919 2944 2193 3006 collecta.
2233 2944 2408 3007 Lucii
2437 2945 2596 3007 Flori
2619 2944 2754 3025 Epi-

562 3036 831 3101 tbomata
858 3048 1114 3119 quatuor
1140 3059 1318 3119 quam
1364 3038 1695 3100 cultissima
1739 3039 1800 3098 in
1849 3040 2054 3099 decem
2098 3040 2224 3101 Titi
2278 3040 2426 3101 Livii
2475 3039 2754 3102 decadas.

562 3133 723 3194 Sexti
750 3133 908 3195 Ruffi
956 3135 1289 3197 Consularis
1314 3133 1428 3194 uiri
1451 3134 1532 3194 ad
1574 3133 2050 3196 Valentinianum
2096 3138 2424 3214 Augustum
2449 3136 2529 3198 de
2559 3137 2756 3197 Histo-

564 3227 653 3287 ria
678 3246 917 3291 romana
960 3248 1113 3309 opus
1140 3229 1560 3310 dignissimum.
1639 3228 1840 3289 Nerua
1879 3228 2150 3289 cocceius
2199 3220 2278 3291 ex'
2317 3231 2496 3292 dione
2535 3234 2758 3293 Graeco

564 3340 675 3402 pet·
698 3324 1017 3403 Georgium
1048 3328 1339 3389 Merulam
1366 3325 1848 3389 Alexandrinum.
1925 3325 2218 3404 Trajanus
2255 3328 2456 3393 Nerva
2479 3348 2555 3388 ex
2577 3326 2758 3389 dione

565 3436 679 3498 per
706 3419 957 3480 eundem
986 3424 1301 3484 Merulam.
1380 3422 1678 3484 Adrianus
1725 3442 1800 3485 ex
1834 3422 2010 3484 dione
2055 3442 2272 3502 greco.
2353 3423 2760 3505 Conflagratio

566 3511 801 3573 Vesuvi
820 3512 1039 3575 montis
1062 3534 1138 3575 ex
1163 3516 1339 3578 dione
1365 3536 1475 3596 per
1498 3518 1902 3598 supradictum
1927 3519 2239 3581 Merulam.
2297 3519 2370 3582 Ρ.
2401 3520 2660 3582 Victoris
2685 3519 2762 3580 de

567 3606 906 3688 regionibus
934 3610 1097 3673 urbis
1128 3612 1332 3673 Romae
1356 3611 1590 3673 libellus
1619 3614 1867 3675 unicus.'
1943 3616 2222 3695 Sequitur
2261 3615 2446 3677 lilium
2491 3616 2759 3687 rubrum,

568 3722 645 3764 ex
670 3724 792 3784 quo
820 3705 1121 3769 manifeste
1146 3716 1417 3789 apparet,
1445 3709 1600 3770 banc
1625 3709 1944 3773 editionem
1985 3730 2260 3774 excusam
2301 3711 2486 3772 fuisse
2527 3712 2764 3773 Floren—

568 3798 671 3861 the
698 3800 761 3861 iu
786 3803 1181 3884 typographia
1203 3804 1459 3885 Philippi
1478 3806 1516 3867 J
1519 3803 1725 3866 untae.'
1777 3806 2190 3870 Praefationem
2237 3807 2525 3887 premisit
2571 3809 2766 3870 editor

570 3896 937 3976 Augustinus
968 3900 1281 3963 &charius
1326 3902 1730 3963 Mortariensis
1769 3904 2083 3968 Sacerdos.
2165 3905 2233 3963 In
2259 3902 2378 3964 tine
2407 3904 2481 3963 Ρ.
2507 3902 2765 3965 Victoris

572 3990 819 4069 legitur:
862 4000 883 4029 ⁴
904 3996 1261 4076 Impressum
1296 3996 1412 4058 fuit
1438 3997 1554 4059 boc
1579 4017 1733 4078 opus
1759 4002 1934 4060 Anno
1960 4000 2182 4062 domini
2211 4018 2294 4064 u.
2323 4014 2560 4060 ccccc.
2605 3998 2768 4059 deci-

559 4098 699 4145 mo.
776 4090 953 4151 Nono
978 4092 1233 4155 Kalend.
1271 4096 1996 4173 Angusti.'—Gronovius,
2025 4097 2132 4177 qui
2172 4116 2312 4159 usus
2347 4103 2441 4157 est
2465 4094 2602 4174 ‘bac
2637 4092 2766 4155 edi-

580 4176 761 4250 ῑὶθῠθ.
778 4185 929 4245 male
947 4204 1077 4250 eam
1102 4189 1298 4253 retulit
1315 4190 1393 4251 ad
1421 4208 1518 4251 an.
1553 4198 1728 4253 1500.
1757 4192 1894 4254 ideo
1913 4193 2118 4257 merito
2145 4193 2530 4273 reprehensus
2558 4209 2597 4251 a
2621 4190 2770 4253 cr·-
