3025 4842
545 384 722 453 1⁰72
1031 398 1414 451 nncnnsus
1463 398 1895 449 κιιιτιοιιυιι
1940 398 2263 450 sus-run.

631 554 988 620 Harlesius
1009 556 1199 618 notat
1218 552 1447 631 (Brev.
1467 552 1637 617 Not.
1656 550 1790 618 Lit.
1809 550 2009 617 Rom.
2036 571 2108 635 p.
2124 552 2277 617 494.
2306 549 2492 635 Lips.
2510 550 2749 633 1789.)

543 655 1002 721 doctissimum
1047 652 1366 718 editorem
1417 652 1852 738 Bipontinum
1898 652 2352 735 pronuntiare,
2394 652 2467 715 in
2498 652 2745 719 Indice

545 754 934 821 Editionurn
963 754 1010 820 J
1013 754 1238 832 ustini,
1283 752 1667 818 Editionem
1698 751 2085 835 Principem
2120 768 2275 816 esse
2296 750 2445 815 sine
2472 770 2537 815 a.
2568 758 2639 817 et
2686 755 2741 820 l.

539 864 612 922 et
653 852 960 941 quondam
1003 855 1385 939 Principem
1431 852 1666 918 haberi
1708 852 2089 917 Romanam
2132 870 2255 935 per
2291 850 2529 917 Udalr.
2568 854 2741 921 Gal·

539 957 721 1021 lum:
776 962 849 1021 at
893 954 1159 1041 quidem
1209 955 1276 1019 in
1327 974 1508 1019 nova
1556 952 1857 1018 editione
1908 951 2302 1037 Bipontinu,
2352 952 2544 1018 1802.
2588 955 2738 1021 haec

535 1056 740 1123 editio
787 1076 912 1141 per
961 1054 1196 1122 Udalr.
1243 1054 1541 1131 Gallum,
1602 1054 1747 1117 sine
1796 1052 1952 1116 unni
2000 1058 2184 1131 nota,
2235 1071 2363 1136 pro
2416 1052 2735 1138 Principe

537 1156 850 1223 Editione
879 1157 1225 1242 accipitur.
1311 1154 1693 1239 Utcumque
1722 1173 1880 1219 vero
1903 1154 2054 1219 haec
2086 1154 2247 1232 sint,
2288 1172 2503 1218 annus
2534 1175 2735 1238 quem

537 1259 728 1343 pouit
751 1252 1418 1343 (perconjecturam)
1452 1254 1669 1319 editor
1702 1254 2113 1338 Bipontinus
2134 1255 2326 1319 1470.
2354 1273 2505 1319 eum
2532 1259 2737 1340 pouit

537 1356 912 1423 Audiffredi
939 1356 1187 1439 (Gatal.
1219 1356 1474 1420 Histor.
1520 1354 1685 1420 crit.
1714 1352 2173 1420 Romanarum
2220 1353 2371 1419 edd.
2400 1374 2565 1421 saec.
2602 1374 2735 1421 xv.

535 1479 603 1543 p.
646 1462 782 1538 70.)
825 1460 1015 1523 1471.
1043 1461 1110 1523 et
1135 1456 1419 1523 eundem
1450 1456 1773 1523 vindicat.

621 1560 706 1624 In
745 1559 993 1623 Museo
1037 1557 1426 1624 Britannico
1471 1565 1583 1622 est
1612 1556 1833 1623 versio
1876 1555 2256 1641 Hispanica
2280 1574 2439 1642 quae
2484 1578 2733 1629 nomen

529 1660 660 1725 fert
714 1659 761 1725 J
763 1678 894 1724 uan
943 1657 1031 1724 de
1078 1658 1374 1738 Medina,
1425 1657 1691 1725 Anvers
1746 1658 1939 1725 1542.
2000 1659 2217 1724 l2mo.
2354 1658 2733 1741 Praefigitnr

530 1759 851 1826 Praefatio
879 1760 992 1827 vel
1023 1759 1410 1839 Dedicatio,
1469 1764 1491 1795 ‘
1520 1757 1613 1826 Al
1641 1760 2127 1825 illustrissimo
2157 1759 2225 1825 el
2270 1758 2730 1825 Condestable

527 1861 614 1926 de
661 1860 974 1940 Castilla,
1017 1880 1146 1945 por
1169 1860 1216 1926 J
1217 1878 1356 1925 uan
1381 1860 1476 1925 de
1506 1860 1809 1939 medina,
1840 1858 2163 1937 Libra-of
2206 1866 2277 1925 et
2304 1861 2731 1945 subjungitur

526 1961 761 2027 fertilis
791 1962 1008 2027 Index
1033 1959 1548 2044 Alphabeticus.
1637 1960 1773 2025 Sed
1802 1959 2071 2026 videtur
2108 1980 2263 2025 esse
2304 1980 2445 2025 una
2470 1967 2726 2027 tantum

527 2082 620 2127 ex
649 2062 1054 2129 editionibus
1083 2062 1260 2125 infra.
1285 2062 1564 2139 notatis,
1595 2062 1721 2127 etsi
1746 2078 1989 2125 nomm
2012 2060 2097 2124 de
2122 2062 2563 2127 Bustamanto
2602 2082 2731 2129 nec

525 2162 598 2225 in
625 2163 845 2240 titulo,
873 2182 998 2228 nec
1023 2165 1094 2228 in
1123 2161 1561 2227 Dedicatione
1590 2160 1912 2241 occurrit,
1944 2159 2069 2225 sed
2106 2167 2364 2227 tantum
2390 2162 2725 2247 bibliopo-

523 2260 650 2340 lae,'
668 2262 716 2325 J
720 2280 850 2323 nan
875 2262 959 2323 de
989 2260 1289 2326 Medina.

611 2359 658 2425 J
661 2360 885 2440 ustini,
912 2363 1038 2425 &c.
1067 2358 1302 2424 Colon.
1335 2358 1624 2446 Agripp.
1654 2362 1871 2429 12mo.
1902 2364 2094 2431 1556.
2126 2364 2310 2431 Mus.
2338 2364 2510 2431 Brit.

605 2460 938 2539 Iustinae,
985 2464 1106 2526 &c-
1155 2460 1310 2526 Svo.
1361 2461 1513 2527 Par.
1544 2462 1737 2529 1585.
1783 2465 2002 2531 catal.
2050 2461 2585 2551 White-Kniglats,
2632 2466 2723 2531 Ν.

609 2662 872 2729 Notant
899 2662 1237 2748 Bipontini
1261 2664 1623 2732 versionem
1657 2664 2132 2751 Hispanicum:
2178 2672 2200 2703 ‘
2232 2666 2281 2733 J
2282 2670 2509 2734 ustino
2540 2669 2725 2733 abre-

519 2763 755 2829 viador
769 2763 854 2829 de
881 2764 956 2829 la
971 2764 1276 2831 Historia
1302 2764 1565 2849 general
1592 2767 1704 2832 del
1730 2768 1953 2851 Trogo
1978 2768 2335 2854 Pompeio,
2366 2769 2721 2835 traduzido

518 2886 606 2951 en
632 2868 867 2950 lengua
892 2865 1282 2933 Castellana
1294 2865 1452 2952 (per
1472 2865 1835 2951 Georgium
1856 2858 1939 2933 de
1968 2868 2442 2955 Bustamante)
2468 2892 2553 2935 en
2582 2870 2723 2936 Διι-

517 2988 674 3039 yers
707 2972 858 3035 Svo.
885 2968 1100 3036 1586.
1129 2970 1510 3038 Secundum
1516 2970 1827 3068 „Pellicer
1850 2971 2157 3059 (Ensayo
2180 2972 2268 3039 da
2288 2993 2430 3041 una
2464 2974 2723 3040 Biblio-

515 3072 712 3138 theca
730 3069 814 3136 de
830 3068 1278 3137 Traductores
1302 3070 1715 3157 Espanoles)
1729 3072 2057 3139 editiones
2076 3074 2351 3159 hujusce
2388 3076 2721 3141 versionis

515 3180 676 3237 sunt
693 3174 1002 3257 quinque.
1075 3172 1341 3238 Prima
1321 3194 1388 3239 ιιι
1407 3172 1653 3241 Alcala
1671 3175 1865 3239 1540.
1883 3174 1997 3239 sol.
2027 3174 2379 3241 Secunda
2358 3194 2431 3239 m
2452 3174 2721 3243 Anveoe

513 3272 706 3335 1542.
761 3272 915 3337 Svo.
1003 3272 1166 3339 Alia
1207 3275 1276 3340 in
1326 3274 1595 3341 Anvers
1645 3274 1840 3340 1609.
1888 3274 2041 3341 Svo.
2090 3281 2169 3343 ut
2210 3280 2365 3343 ante
2422 3278 2495 3343 in
2556 3278 2715 3343 Svo.

512 3368 704 3437 1586.
750 3380 822 3436 et
870 3374 942 3437 in
993 3374 1338 3441 Bruxellis
1387 3376 1582 3443 1608.
1628 3376 1784 3442 Svo.
1874 3376 2053 3443 Haec
2100 3377 2309 3443 editio
2354 3378 2429 3441 in
2478 3376 2715 3442 Indice

510 3470 1005 3555 Expurgntorio
1033 3475 1274 3539 inserta
1297 3481 1399 3541 est
1427 3477 1516 3541 ab
1542 3476 1950 3562 Inquisitore
1978 3476 2321 3556 Generali,
2324 3478 2435 3555 oh
2456 3496 2715 3563 eaquae

503 3573 820 3641 sustinus
849 3572 1123 3641 tradidit
1145 3576 1232 3640 de
1261 3575 1918 3663 Judae1sproecipue
1945 3577 2030 3643 de
2058 3576 2716 3657 Abrahamo,10se-

503 3676 668 3762 pho,
713 3680 782 3741 et
812 3673 1073 3759 Moyse.
1163 3676 1347 3745 Hinc
1390 3679 1675 3745 fortasse
1712 3680 1924 3753 rarior
1958 3684 2082 3758 est,
2118 3680 2243 3744 sed
2276 3700 2401 3744 uec
2438 3680 2717 3765 (secun-

380 3832 388 3841 .
505 3776 670 3843 dum
719 3776 1030 3855 Fellicer)
1067 3778 1430 3849 admodum
1467 3782 1671 3861 bona,
1717 3787 1790 3848 et
1836 3781 2281 3866 Paraphrasis
2322 3783 2565 3866 potius
2604 3789 2715 3849 est

503 3878 1084 4047 magnast·
1133 4000 1284 4047 cum
1341 3992 1703 4051 comment.
1749 3984 2013 4052 Victor.
2060 3983 2388 4067 Strigelli‚
2440 3988 2565 4051 ὃω.
2622 4006 2709 4053 ac

469 4078 680 4169 ·notis
709 4078 1088 4163 Bongarsii.
1123 4081 1408 4149 Ursenis
1438 4086 1633 4151 1611.
1658 4084 1815 4151 Svo.
1845 4084 2176 4153 Biblioth.
2206 4084 2403 4151 Bodl.
2502 4087 2510 4097 ‘

584 4175 839 4267 Iustini
863 4180 1047 4248 Hist.
1070 4181 1358 4267 Anglice
1374 4205 1568 4253 versa
1594 4207 1636 4254 a
1656 4187 1835 4255 Rob.
1856 4186 2287 4273 Codrington‚
2305 4187 2523 4253 Lond-
2544 4186 2709 4253 evo.
