3025 4842
707 418 712 423 ’
807 437 1192 491 ηκοεκευε
1245 440 1673 491 ευιτιοΝυΜ
1720 442 2045 493 sus-rim.
2350 432 2524 496 1059

325 600 416 653 est
444 609 481 651 ι
505 590 638 651 Ino.
673 591 988 667 Bongarsio
1008 599 1072 651 et
1099 592 1192 653 rr.
1227 590 1436 651 Modio
1465 590 1829 663 emendatus,
1860 592 1917 651 in
1946 594 2145 672 cupita
2174 594 2522 655 versiculos-

326 709 444 769 que
479 686 823 747 distinctus.
873 687 1198 763 Bongarsii‚
1249 686 1465 758 Modii,
1511 686 1785 765 Strigelii‚
1815 687 2178 767 aliorumque
2204 702 2373 751 notas
2400 695 2520 751 suis

323 784 556 846 additas
590 783 778 843 textui
803 783 1092 862 subjecit:
1137 784 1412 862 prologos
1440 802 1498 843 c.
1528 803 1587 843 n.
1618 783 1943 861 Bongarsii,
1976 784 2190 857 Medii,
2216 786 2523 848 Freinshe-

323 882 446 951 mii‚
473 888 598 940 tum
629 880 930 958 Bongnrsii
957 881 1380 959 Excerptiones
1405 879 1874 959 chronologicas,
1902 894 1962 942 et
2002 882 2285 943 variarum
2316 884 2521 945 lectio-

327 998 466 1039 num
495 976 787 1048 libellum,
812 982 926 1037 ὅτε.
959 977 1203 1057 adjecit.

413 1072 564 1135 1635
609 1072 1050 1151 Amstelodsmi.
1105 1074 1197 1135 16.
1239 1072 1458 1135 Justini
1505 1072 1877 1134 historiarum
1906 1094 1979 1135 ex
2005 1074 2209 1155 Trogo
2240 1078 2522 1158 Pompeio

323 1170 460 1231 libri
489 1186 678 1231 xuv.
699 1189 772 1230 ex
801 1188 1004 1231 museo
1027 1172 1125 1232 Jo.
1152 1173 1234 1231 Is.
1263 1170 1537 1231 Pontani.
1568 1174 1763 1232 Amst.
1788 1170 1947 1249 apud
1975 1172 2073 1232 Jo.
2100 1174 2495 1235 Junssonium.

415 1265 568 1327 1638
613 1266 930 1326 Boxhornii
984 1284 1032 1329 1.
1085 1278 1332 1330 12.-εκ
1378 1286 1605 1327 recens.
1650 1270 1741 1327 M.
1768 1268 1958 1327 Zuerii
2005 1266 2345 1329 Boxbornii.
2390 1272 2517 1349 (qui

323 1381 544 1443 paucas
567 1370 740 1422 notas
770 1362 1006 1423 criticus
1033 1362 1304 1440 adjecit.)
1332 1362 1755 1423 Amstelodami
1780 1382 1879 1441 ap.
1909 1365 2186 1425 Jansson.

409 1458 566 1521 1640
607 1458 883 1539 Lugduni
931 1459 1062 1520 nat.
1111 1469 1208 1521 12.
1250 1458 1468 1519 Justini
1509 1458 1872 1520 historiarum
1902 1479 1976 1519 ex
2001 1458 2207 1537 Trogo
2234 1461 2519 1539 Pompeio

323 1556 456 1619 libri
497 1570 688 1617 κων.
731 1574 870 1617 cum
897 1554 1054 1615 notis
1081 1555 1274 1616 Issaei
1302 1554 1519 1617 Vossii.
1549 1555 1741 1635 Lugd.
1772 1558 1903 1631 Bag.
1932 1574 2005 1615 ex
2032 1554 2267 1617 officina
2296 1558 2521 1620 Elzevi·

322 1670 501 1715 nans.

411 1748 568 1811 1644
609 1747 931 1808 Boxbornii
963 1764 1042 1810 11.
1080 1756 1170 1809 12.
1195 1728 1535 1807 ἈωεῐεΙοὼ

403 1878 480 1891 -
513 1844 734 1906 Eadem
763 1844 1022 1905 venetiis
1046 1862 1275 1904 recusa.
1313 1852 1406 1903 12.
1511 1884 1517 1890 -

411 1938 568 2003 1646
612 1940 1057 2001 Amstelodami.
1095 1949 1189 2001 12.

410 2036 566 2101 1650
605 2038 1052 2099 Amstelodami.
1084 2046 1183 2099 24.
1214 2056 1348 2097 cum
1379 2036 1533 2096 notis
1564 2036 1643 2095 ls.
1674 2036 1891 2099 Vossii.
1921 2039 2112 2099 Amst.
2140 2054 2239 2116 ap.
2270 2038 2517 2103 Elzevir.

400 2166 484 2178 —
510 2132 784 2213 Lugduni
823 2134 960 2192 nat.
1001 2142 1058 2194 8.
1086 2130 1360 2194 Justinus
1391 2151 1527 2193 cum
1555 2132 1949 2193 scientissimis
1978 2134 2286 2195 variorum
2315 2138 2519 2199 obser·

321 2228 671 2301 vationibus,
699 2250 771 2289 ex
801 2237 1082 2289 accurata
1109 2230 1440 2288 recensione
1472 2232 1616 2289 Ant.
1643 2228 1875 2307 Tliysii.

409 2324 560 2386 1653
607 2324 1060 2385 Bernecceriana
1111 2340 1190 2385 11.
1234 2332 1293 2386 8.
1337 2323 1557 2385 Justini
1604 2324 1663 2383 in
1710 2325 1973 2386 historias
2023 2327 2207 2406 Trogi
2253 2327 2521 2408 Pompeii

321 2421 724 2501 Epitomarum
769 2420 948 2481 editio
993 2421 1327 2492 novissima,
1358 2432 1677 2482 accurante
1708 2422 1961 2482 Matthia
1991 2422 2378 2504 Berneggero.
2409 2418 2517 2486 Δι’-

321 2517 635 2595 gentornti,
665 2516 1000 2597 sumptibus
1027 2516 1168 2577 soh.
1195 2514 1408 2578 Joacb.
1439 2514 1910 2577 Bockenhofferi.

402 2648 485 2661 ·-
512 2613 804 2691 Lugduni.
841 2621 936 2675 12.

409 2708 565 2771 1656
607 2708 880 2788 Lugduni
927 2712 1060 2770 Bat.
1115 2720 1209 2772 12.
1251 2708 1470 2771 justini
1500 2707 1869 2767 historiarum
1900 2730 1973 2769 ex
2000 2710 2201 2789 Trogo
2232 2712 2517 2792 Pompeio

321 2805 674 2867 librixmv.
701 2826 838 2865 cum
867 2806 1022 2866 notis
1053 2810 1131 2865 ls.
1161 2804 1375 2866 Vossii.
1405 2803 1599 2882 Lugd.
1628 2804 1763 2864 But.
1792 2824 1893 2881 ap.
1923 2804 2172 2864 Elzevir.

413 2900 566 2974 1659
607 2901 1009 2962 Scbrevelians
1062 2917 1106 2960 1.
1158 2910 1218 2961 8.
1262 2900 1529 2962 Justinus
1554 2918 1691 2958 oum
1724 2898 1878 2957 notis
1914 2899 2148 2958 selectis
2188 2900 2515 2971 variorum,

327 2996 699 3069 Berneoceri‚
757 2998 1080 3077 Bongnrsii,
1133 2996 1342 3068 Vossii,
1397 2994 1631 3075 Thysii,
1678 2999 1795 3055 διο.
1842 3004 2079 3055 curante
2122 2995 2193 3055 C.
2222 2998 2283 3055 S.
2316 2998 2403 3057 M.
2435 2998 2515 3058 D.

321 3094 626 3175 (Cornelio
654 3095 1040 3168 Schrevelio.)
1063 3092 1393 3153 Amstelod.
1423 3110 1521 3170 ap.
1550 3092 1791 3151 Elzevir.

413 3188 572 3252 1660
610 3191 928 3261 Boxhornii
959 3208 1068 3251 nr.
1103 3201 1198 3253 12.
1225 3188 1559 3250 Amstelod.
1586 3187 1741 3267 apud
1769 3189 1865 3249 Jo.
1895 3187 2175 3248 Jansson.

405 3320 488 3331 ——
515 3287 922 3348 Sobrevelinna
967 3304 1049 3348 11.
1097 3294 1156 3347 8.
1205 3283 1593 3358 Vratislnvioe,
1642 3281 1974 3361 sumptibus
2018 3282 2115 3345 Es.
2166 3283 2517 3363 Fellgibetii.

328 3380 652 3462 Repetitio.
679 3383 778 3444 ed.
812 3382 987 3455 1659.

411 3475 566 3541 1662
609 3480 1057 3541 Berneccerisnn
1087 3494 1196 3537 111.
1228 3485 1285 3537 8.
1315 3478 1703 3557 Argentorati.

413 3572 568 3635 1663
613 3575 802 3655 Hagoe
823 3574 1094 3635 Comitis.
1125 3584 1184 3635 8.
1213 3572 1356 3634 min.
1381 3572 1597 3634 Justini
1625 3573 1995 3634 historiarum
2024 3573 2159 3633 libri
2188 3588 2379 3633 xuv.
2410 3592 2516 3631 no-

325 3672 404 3731 tis
436 3671 908 3750 compendiosis,
933 3670 992 3729 in
1038 3689 1206 3729 usum
1233 3666 1516 3729 studiosae
1534 3666 1886 3745 juventutis,
1912 3666 2224 3728 dilucidari
2250 3686 2427 3745 opera
2453 3677 2518 3726 et

321 3766 615 3827 industria
638 3766 766 3827 Titi
792 3766 963 3827 Livii.
1047 3765 1283 3835 Quibus
1331 3764 1567 3825 accedit
1608 3764 1913 3825 illustratio
1954 3761 2319 3840 quorundum
2350 3762 2515 3820 loco-

319 3882 481 3932 rum,
504 3861 676 3923 nobis
696 3861 1102 3923 humanissime
1123 3858 1502 3937 suppeditata
1526 3878 1563 3918 a
1588 3859 1952 3921 literatorum
1980 3856 2196 3917 lumine
2220 3858 2315 3918 Jo.
2348 3856 2515 3917 Fred.

317 3958 656 4019 Gronovio.

409 4052 570 4117 1666
607 4054 1060 4117 Berneccerians
1093 4070 1182 4114 lv.
1217 4064 1273 4116 8.
1305 4052 1696 4131 Argentorati.

404 4149 562 4212 1668
607 4151 910 4230 Bongnrsii
937 4154 1168 4212 comm.
1197 4150 1258 4209 in
1284 4149 1577 4211 lustinum
1610 4145 1915 4225 separatim
1944 4144 2179 4224 prodiit,
2211 4152 2360 4205 teste
2388 4143 2513 4204 Fis-

315 4245 502 4307 elnero
529 4246 700 4324 praef.
729 4268 791 4327 p.
823 4264 1022 4309 xxvx.
1053 4247 1326 4327 idemque
1347 4248 1430 4307 sic
1459 4244 1737 4323 repetitus
1772 4241 1947 4303 1683.
1977 4251 2035 4301 et
2070 4238 2245 4313 1694.
