3025 4842
521 384 694 453 1⁰oe
999 395 1388 449 ascensus
1437 393 1865 445 turmot-tum
1915 395 2240 445 susrnm.

521 550 611 612 bri
648 564 834 610 κων.
877 566 950 609 ex
991 546 1326 608 recensione
1369 546 1559 607 lsasci
1608 546 1824 607 Vossii.
1872 546 2203 625 Rotomagi,
2242 544 2399 625 typis
2442 545 2727 607 Richardi

519 646 866 707 [alienant.

597 775 678 787 --
707 738 980 801 Londini.
1025 748 1082 801 8.
1130 740 1218 799 Μ.
1261 738 1495 800 Juniani
1538 737 1757 799 Justini
1802 760 1874 799 ex
1918 738 2103 817 Trogi
2150 738 2416 818 Pompeii
2462 739 2721 801 historiis

513 838 766 899 externis
789 836 952 897 Libri
974 852 1166 897 xmv.
1189 836 1386 896 onnia
1411 854 1591 915 quarn
1616 835 2059 918 diligentissime
2084 854 2158 893 ex
2186 834 2479 893 variorum
2516 854 2717 895 exem-

515 932 762 1011 plarium
809 930 1126 992 collatione
1168 931 1450 990 recensita
1491 940 1555 990 et
1598 931 1905 1009 castigata,
1938 931 1995 988 in
2026 948 2195 989 usum
2224 930 2599 990 scholastice
2618 933 2715 1009 ju-

517 1028 774 1089 ventutis
817 1026 1286 1089 accommodata.
1331 1026 1603 1097 Londini,
1644 1048 1776 1087 exc.
1808 1030 1879 1087 E.
1910 1027 2317 1087 Hortum—ln
2348 1027 2463 1086 hac
2491 1027 2589 1086 ed.
2616 1048 2713 1086 va·

516 1124 730 1185 riantes
757 1124 1040 1185 lectiones
1079 1132 1142 1185 et
1181 1124 1615 1202 chronologica
1640 1124 2051 1203 excerptiones
2079 1122 2137 1181 in
2168 1122 2427 1201 margine
2450 1134 2585 1183 sunt
2615 1144 2715 1201 po-

517 1220 672 1293 site,
691 1228 752 1281 et
777 1228 938 1281 notoe
965 1218 1356 1280 selectissimae
1383 1219 1595 1291 vossii,
1614 1219 1840 1299 Thysii,
1872 1218 2196 1297 Bongarsii,
2218 1223 2334 1279 διο.
2362 1221 2715 1297 cuicumque

515 1317 746 1397 pagine
773 1316 1084 1396 subjectae.

603 1412 758 1475 1688
801 1413 1186 1474 wratislavia
1225 1412 1588 1474 Silesiorum.
1638 1422 1699 1475 8.
1726 1410 2045 1473 Θωνίιιιιιι
2072 1412 2263 1489 major
2286 1430 2382 1471 an.
2418 1410 2593 1474 1688.
2622 1432 2713 1473 re-

515 1526 658 1570 cusa
683 1508 843 1587 apud
870 1508 1117 1567 Iesaiam
1143 1506 1463 1585 Felgibeln.

592 1636 676 1651 —
701 1602 1146 1663 Austeiodami.
1181 1612 1275 1665 12.
1303 1622 1362 1663 c.
1389 1621 1450 1661 n.
1477 1601 1563 1661 Is.
1596 1601 1803 1661 vossii.

602 1697 757 1772 1690
797 1698 1090 1778 Lugduni.
1137 1699 1233 1761 16.
1275 1701 1311 1760 J
1317 1698 1492 1759 ustini
1522 1698 1886 1759 historiarum
1914 1716 1985 1756 ex
2012 1698 2215 1775 Trogo
2231 1696 2517 1773 ‘Pompeio
2546 1697 2717 1757 Libri

515 1808 710 1858 xuv.
739 1815 812 1857 ex
837 1796 1175 1858 recensione
1203 1796 1394 1857 Issaei
1421 1795 1631 1855 vossii.
1712 1794 2007 1874 Lugduni,
2036 1794 2330 1855 sumtibus
2354 1794 2569 1853 nauh.
2608 1795 2713 1853 Li-

595 1986 749 2058 1691
795 1990 1237 2069 Amstelodami.
1267 1998 1324 2049 8.
1353 2010 1428 2051 ex
1455 2008 1575 2050 rec.
1602 1990 1699 2049 Jo.
1728 1988 1954 2067 Georg.
1982 1986 2228 2047 Graevii.

597 2083 756 2154 1694
796 2086 1020 2147 Eadem
1047 2105 1259 2147 recusa
1284 2086 1434 2146 ibid.
1467 2094 1526 2147 8.

599 2177 754 2249 1698
795 2180 1250 2241 Bernecceriana
1279 2196 1342 2237 v.
1373 2188 1428 2239 8.
1459 2164 1860 2257 Argentorati.

601 2278 743 2338 1701
791 2272 1066 2335 Londini.
1115 2284 1174 2336 8.
1222 2274 1490 2335 lustinus
1548 2273 1623 2333 de
1678 2272 1937 2334 historiis
1991 2272 2353 2353 Philippicis,
2410 2282 2477 2333 et
2530 2272 2712 2334 totius

509 2364 716 2425 mundi
741 2364 1095 2445 originibus:
1139 2366 1626 2448 interpretatione
1666 2376 1728 2428 et
1770 2368 1921 2429 notis
1961 2368 2273 2429 illustravit
2301 2370 2517 2429 Petrus
2544 2372 2711 2431 Jose-

507 2461 662 2541 phus
679 2460 908 2536 Cantel,
929 2464 1050 2523 eS.
1071 2466 1108 2527 J
1113 2507 1128 2523 .
1175 2464 1352 2525 Jussu
1377 2462 1860 2537 christianissimi
1882 2464 2091 2543 Regis:
2120 2464 2179 2523 in
2210 2484 2379 2526 usum
2408 2468 2537 2527 Ser.
2570 2468 2713 2525 Dei-

507 2556 694 2637 phini.
723 2558 880 2619 Huic
903 2559 1143 2621 editioni
1169 2579 1470 2621 accessere
1495 2562 1631 2623 διο.
1662 2561 1971 2640 Bongarsii
1998 2561 2423 2641 Excerptiones
2460 2562 2711 2623 chrono-

507 2652 716 2732 logice.
758 2655 836 2716 ad
882 2656 1090 2716 Justini
1139 2656 1402 2717 historias
1445 2656 1936 2729 accommodatae.
1988 2656 2261 2729 Londini,
2308 2657 2587 2735 impensis
2636 2659 2705 2717 R.

505 2748 734 2824 clarel,
783 2752 867 2812 H.
909 2752 1234 2827 numech,
1277 2754 1346 2814 S.
1375 2752 1595 2825 Smith,
1620 2762 1682 2815 et
1728 2752 1800 2813 B.
1828 2750 2113 2825 wassoi-d,
2142 2754 2199 2813 in
2244 2754 2584 2816 Comiter-io
2626 2755 2705 2813 D.

509 2846 700 2909 Pauli.

586 2977 670 2989 —
697 2944 966 3024 Lugduni
1010 2948 1142 3007 Bat.
1185 2954 1242 3007 8.
1280 2944 1494 3007 Justini
1540 2944 1817 3006 Historioe
1860 2944 2232 3025 Philippicae.
2315 2949 2405 3007 Ex
2436 2966 2590 3007 nova
2614 2967 2705 3007 re·

506 3037 777 3100 censione
817 3042 854 3103 J
857 3062 916 3103 o.
949 3041 1192 3123 Georgii
1229 3041 1480 3115 Graevii,
1506 3060 1644 3101 cum
1680 3041 1941 3119 ejusdem
1970 3042 2483 3121 castigationibus,
2508 3054 2573 3104 et
2598 3062 2707 3104 no·

505 3131 580 3192 tis
601 3134 930 3199 variorum.
951 3138 1144 3218 Lugd.
1168 3140 1302 3201 nat.
1323 3138 1484 3217 apud
1505 3138 1579 3199 C.
1609 3140 1986 3217 Boutesteyu,
2014 3141 2071 3203 J.
2096 3139 2179 3199 du
2210 3139 2401 3214 Vivie‚
2422 3140 2477 3201 J.
2504 3142 2705 3201 Serer.

505 3233 568 3286 et
593 3231 669 3289 Α.
695 3230 774 3291 de
801 3232 1012 3294 Swart.

580 3356 663 3369 —
690 3325 928 3403 Lipsioe.
963 3337 1056 3390 12.
1081 3350 1140 3391 c.
1167 3349 1228 3391 ιι.
1259 3330 1404 3391 chr.
1435 3330 1723 3394 Junckeri
1750 3330 1831 3393 ad
1858 3331 2103 3393 modum
2136 3333 2410 3395 Min-cuii.

590 3424 746 3485 1704
785 3420 1056 3484 londini.
1106 3432 1166 3485 8.
1209 3426 1300 3485 Μ.
1325 3426 1362 3487 J
1367 3426 1561 3487 uniani
1594 3429 1631 3490 J
1636 3428 1809 3489 ustini
1834 3446 1907 3487 ex
1932 3429 2119 3509 Trogi
2148 3429 2419 3511 Pompeii
2446 3428 2703 3491 historiis

501 3514 752 3577 externis
777 3514 939 3576 Libri
967 3532 1154 3579 xuv.

585 3620 740 3681 1705
779 3612 1021 3673 oxonii.
1067 3622 1123 3675 8.
1161 3615 1256 3677 Μ.
1281 3616 1519 3678 Juniani
1558 3618 1771 3681 Justini
1798 3618 2166 3681 historiarum
2192 3640 2269 3681 ex
2292 3622 2500 3701 Trogo
2530 3624 2709 3684 Porn-

499 3707 634 3785 peio
659 3708 794 3771 libri
817 3726 1005 3773 xmv.
1034 3713 1185 3775 Mss.
1209 3712 1483 3775 codicum
1507 3715 1819 3776 collatione
1846 3717 2155 3795 recogniti,
2182 3720 2705 3781 annotationibus-

500 3822 616 3883 que
665 3806 954 3872 illustrati.
1007 3809 1251 3882 Oxonii,
1295 3830 1331 3870 e
1379 3809 1610 3870 theatro
1657 3811 2075 3873 Sbeldoniano.
2122 3814 2412 3890 (Cui-ante
2456 3816 2700 3877 Tho-a

502 3900 930 3979 Hearne.)-—ln
979 3905 1092 3965 bac
1137 3905 1282 3965 edit.
1323 3903 1402 3965 ad
1447 3906 1601 3966 Mss.
1652 3906 1891 3968 codices
1934 3917 2191 3987 quatuor
2224 3909 2537 3989 diiigenter
2562 3924 2706 3992 post

498 3990 624 4052 illas
667 3998 1036 4061 oxonienses
1076 3998 1274 4061 denuo
1321 4002 1625 4073 recensita,
1652 4001 1711 4059 in
1756 4004 1931 4081 cujus
1950 4022 2053 4064 ora
2075 4004 2271 4065 editor
2295 4024 2541 4081 annum,
2574 4030 2701 4088 quo

499 4102 756 4167 queque
779 4103 942 4172 gesta
967 4104 1123 4170 sunt,
1151 4096 1398 4161 subinde
1421 4117 1495 4159 ex
1524 4098 1785 4160 Eduardi
1812 4100 2059 4161 Simsoni
2088 4104 2337 4162 maxime
2363 4104 2698 4165 rationibus
