3025 4842
771 408 1160 459 annal-rsus
1211 410 1639 461 lim-nonum
1688 412 2013 465 susum.
2315 403 2489 471 1⁰OE

290 558 720 641 chronologicis
755 558 1074 630 annotavit,
1103 558 1336 637 Prologi
1361 559 1539 621 etiam
1566 566 1713 621 cum‘
1732 562 2215 639 castigationibus
2245 576 2307 629 et
2332 570 2489 631 notis

290 660 600 736 teguntur:
640 663 900 717 ceterum
945 675 1020 713 ex
1073 656 1224 715 Mss.
1253 654 1615 733 Anglicanis,
1642 665 1855 735 utpote
1878 658 2048 718 valde
2074 660 2491 738 inemendatis,

287 754 384 815 vix
431 752 756 833 quidquam
803 750 1046 823 subsidii
1079 750 1154 810 ad
1185 751 1318 811 illos
1353 751 1723 827 castigandos
1751 754 2098 835 exsculpere
2126 778 2189 820 se
2216 762 2481 838 potuisse
2560 780 2567 791 ·

285 850 522 911 fatetur.
604 855 624 881 ‘
655 846 1131 926 Qualescumque
1175 848 1352 920 vero,’
1396 850 1614 929 inquit,
1658 857 1678 883 ‘
1705 859 1845 912 sunt
1890 851 1987 913 isti
2034 854 2291 935 Prologi,
2342 875 2479 919 cuin

287 948 322 1007 J
329 946 500 1006 ustini
543 942 962 1007 abbreviatoris
1005 943 1418 1024 negligentiam
1464 945 1771 1025 detegant,
1795 956 1859 1008 et
1888 949 2279 1013 Historiarum
2302 954 2486 1035 'hugi
2588 976 2593 981 “

289 1043 492 1101 seriem
521 1036 858 1111 ostendant,
883 1038 1172 1118 pluraque
1195 1038 1539 1111 exhibeant,
1570 1061 1705 1118 quas
1730 1042 1789 1103 in
1814 1044 2049 1105 Justino
2074 1046 2291 1110 frustra
2318 1069 2484 1129 que-

283 1156 510 1207 ramus,
539 1135 694 1195 hand
735 1134 816 1196 ab
861 1154 924 1195 re
971 1135 1160 1194 visum
1205 1134 1336 1207 fuit,
1367 1147 1435 1198 ut
1477 1136 1649 1196 simul
1675 1158 1811 1199 cum
1840 1139 2251 1205 abbreviatore
2276 1156 2483 1209 nostro

287 1234 620 1303 ederentur,
645 1231 948 1311 praecipue
992 1250 1126 1291 cum
1177 1232 1430 1293 codices‘
1462 1232 1673 1307 nostri,
1698 1242 1765 1295 et
1802 1234 1927 1295 duo
1962 1236 2137 1299 etiam
2161 1260 2197 1301 e
2222 1224 2511 1322 Bongarss'

289 1328 489 1399 aiacis,
517 1328 554 1389 J
560 1318 810 1387 usti‘num
854 1329 1050 1406 ipsum
1097 1346 1294 1388 eorum
1342 1339 1643 1390 auctorem
1688 1342 2036 1410 agnoscant.
2120 1337 2253 1397 Hoc
2284 1358 2423 1401 vero
2447 1360 2484 1401 a

283 1424 532 1489 librariis
575 1424 852 1502 imperitis
893 1423 1200 1503 adjectum
1245 1435 1391 1503 puto
1411 1428 1446 1496 3'
1473 1446 1685 1487 nomen
1712 1427 1939 1507 quippe
1968 1428 2231 1513 Prologi
2254 1434 2343 1513 (in
2370 1436 2484 1516 sig-

287 1518 630 1581 nificatione
675 1539 794 1597 qua
847 1520 943 1580 bic
994 1524 1336 1601 usurpatur)
1359 1532 1446 1582 est
1491 1522 1844 1595 barbarum3
1886 1544 1959 1585 ex
1986 1546 2108 1605 quo
2131 1538 2193 1589 et
2218 1529 2363 1591 iliud
2394 1532 2481 1591 in-

287 1616 546 1695 telligere
594 1635 930 1697 possumus,
973 1636 1174 1677 eorum
1224 1628 1549 1693 auctorem,
1580 1620 1935 1699 quicumque
1980 1622 2077 1683 ine
2124 1624 2322 1702 fuerit,
2347 1647 2481 1689 ern-

287 1712 428 1773 ditis
473 1712 584 1771 illis
633 1712 994 1791 temporibus
1034 1732 1152 1772 nen
1197 1714 1446 1785 vixisse,
1472 1714 1605 1795 quis
1634 1715 1879 1775 honesta
1907 1716 2194 1779 Latinitas
2222 1722 2479 1801 vigebat.

285 1809 526 1869 Pbrasis
565 1808 678 1870 ista
721 1811 787 1869 iri
830 1828 1080 1881 excessu,
1109 1828 1229 1889 qua
1267 1810 1593 1890 saepissime
1621 1810 1821 1882 utitur,
1851 1810 1995 1871 nibil
2024 1814 2185 1876 aliud
2212 1817 2504 1897 denotat„

286 1923 466 1983 quam
501 1924 616 1985 per
658 1904 1079 1987 digressimus
1098 1925 1120 1964 .·
1161 1904 1321 1965 unde
1363 1906 1696 1983 suspicatur
1720 1906 2099 1969 acutissimus
2124 1922 2185 1971 et
2211 1912 2481 1991 politissi-

287 2020 416 2061 mus
455 2001 607 2061 Τιιιι.
655 2002 868 2072 Faber,
901 1999 1190 2061 bominem
1239 2002 1585 2063 Graeculum
1636 2002 1833 2076 fuisse,
1876 2004 2103 2086 quippe
2148 2008 2231 2069 ita
2276 2012 2479 2073 Graeei

284 2096 496 2157 dicunt
518 2098 582 2155 ἐν
607 2094 980 2175 παραβάσει,
1009 2097 1099 2157 vel
1129 2096 1222 2156 διὰ
1249 2096 1689 2176 παρεκβάσεως]

373 2192 530 2262 1706
571 2191 1015 2253 Amstelodami.
1050 2192 1144 2255 16.
1171 2194 1331 2272 apud
1359 2196 2125 2278 Janss'onio-Waesbergios.
2189 2203 2279 2261 ‘ln
2306 2204 2480 2266 titulo

284 2288 541 2349 dicitur:
587 2294 606 2323 ‘
635 2288 832 2349 Editio
869 2290 1078 2354 ceteris
1115 2291 1476 2353 emendatior
1499 2301 1565 2355 et
1588 2292 1939 2355 variantibus
1964 2295 2317 2359 lectionibus
2343 2319 2481 2363 auc-

286 2382 448 2444 tior!

375 2490 530 2550 1707
569 2482 1016 2545 Amstelodami.
1047 2492 1144 2547 12.
1171 2504 1245 2544 ex
1271 2490 1393 2544 rec'.
1423 2484 1763 2545 Grieviana.
1844 2502 1853 2512 ·

375 2586 530 2645 1708
569 2578 840 2658 Trajecti
867 2580 942 2639 ad
971 2580 1161 2639 Rben.
1195 2587 1256 2641 8.
1285 2598 1340 2639 c.
1369 2598 1427 2637 ιι.
1456 2580 1515 2639 J.
1545 2581 1771 2657 Georg.
1800 2581 2039 2642 Graevii.

373 2682 530 2746 1709
567 2674 826 2737 Parisiis.
873 2685 966 2738 12.
1009 2696 1144 2737 curn
1188 2672 1543 2754 pereruditis
1588 2674 1645 2733 in
1693 2674 1981 2754 Prologos
2028 2678 2087 2738 in
2140 2680 2279 2743 bist.
2328 2686 2479 2745 Phil.

286 2770 470 2848 Trogi
509 2772 718 2850 Pomp.
747 2772 904 2832 notis
933 2772 1183 2833 Abbatis
1211 2772 1286 2832 de
1315 2773 1659 2851 Longuerue
1674 2792 1693 2841 ;
1736 2790 1887 2851 quas
1902 2772 2037 2849 jam
2062 2783 2234 2837 antea
2266 2780 2478 2841 Bernb.

287 2866 788 2928 Montefalconius
813 2868 890 2929 ad
919 2868 1142 2929 calcem
1172 2868 1354 2929 Diarii
1377 2869 1470 2927 sui
1498 2866 1689 2927 Italici
1714 2876 2075 2947 reposuerat.

369 2995 451 3009 -
477 2962 712 3044 Lipsiae.
745 2973 843 3027 12.
871 2986 930 3027 c.
961 2986 1019 3026 n.
1048 2964 1358 3028 Junckeri.
2244 3008 2251 3015 -

376 3068 532 3127 1710
570 3060 836 3139 Trajecti
884 3062 958 3123 ad
1005 3062 1294 3135 Rhenum.
1341 3070 1396 3123 8.
1441 3062 1478 3123 J
1485 3059 1661 3121 ustini
1700 3058 1977 3121 Historiae
2010 3062 2377 3143 Philippico,
2406 3087 2480 3127 ex

283 3156 624 3218 recensione
648 3158 684 3217 J
689 3178 746 3217 o.
776 3161 1002 3238 Georg.
1033 3157 1284 3229 Graevii,
1305 3176 1443 3218 cum
1469 3156 1739 3234 ejusdem
1766 3156 2281 3235 castigationibus.
2322 3160 2479 3223 Tra-

276 3254 434 3331 jecti
459 3253 534 3315 ad
566 3254 683 3316 Rb.
711 3255 866 3335 typis
894 3256 1061 3317 Guil.
1093 3254 1282 3317 vande
1310 3255 1517 3315 water
1540 3262 1605 3315 ct
1630 3254 1797 3315 Guit.
1827 3252 2145 3319 Broede'let.

373 3359 528 3419 1712
571 3351 1014 3413 Amstelodami.
1041 3360 1145 3415 24.
1511 3384 1517 3389 ·

377 3455 532 3515 1713
575 3446 850 3506 Londini.
883 3455 978 3508 19..
1007 3446 1096 3507 Μ.
1124 3444 1362 3509 Juniani
1395 3444 1617 3509 Justini
1644 3464 1719 3507 ex
1743 3444 1951 3526 Trogo
1994 3444 2277 3529 Pompeio
2320 3452 2483 3515 Libri

290 3556 481 3601 κων.
521 3560 660 3601 cum
697 3541 909 3603 iudice.
939 3544 1222 3621 (Curantc
1251 3543 1442 3605 Micb.
1471 3540 1821 3619 Maittaire.)
1849 3544 2124 3619 Londini,
2150 3566 2223 3607 cx
2252 3547 2483 3609 officina

284 3636 504 3697 Jacobi
526 3638 769 3698 Tonson
798 3648 862 3699 et
885 3640 1172 3701 Johannis
1199 3642 1414 3702 Watts.

377 3740 534 3801 1715
575 3733 815 3813 Lipsiae.
866 3746 960 3799 12.
1007 3757 1061 3796 c.
1107 3755 1168 3795 n.
1212 3734 1517 3797 Junckeri.
1565 3734 1871 3796 Sumtibus
1898 3735 2005 3795 Jo.
2036 3734 2189 3797 Lud.
2218 3736 2482 3799 Gledits-

290 3826 438 3889 chii.

377 3934 536 3998 1717
573 3916 858 4007 Augusta}
885 3926 1076 3990 Vidcl.
1107 3937 1162 3990 8.
1193 3948 1248 3989 c.
1277 3948 1339 3989 n.
1367 3930 1577 3990 Germ.
1604 3928 1682 3987 ad
1712 3926 1952 3987 modum
1981 3926 2221 3987 Sinceri.

379 4030 537 4093 1719
576 4025 962 4086 Gronoviana
1003 4042 1050 4085 1.
1083 4034 1142 4087 8.
1168 4027 1205 4088 J
1212 4025 1380 4084 ustini
1410 4023 1687 4084 Historiae
1712 4021 2063 4100 Philippicas
2086 4039 2223 4081 cum
2250 4020 2485 4100 integris

283 4120 724 4181 commentariis
747 4122 780 4181 J
784 4141 876 4182 ac.
903 4121 1230 4202 Bongarsii,
1254 4121 1466 4181 Franc.
1495 4118 1710 4191 Modii,
1738 4117 1963 4177 Mattb.
1990 4116 2358 4188 Beruecceri‚
2388 4118 2480 4177 M.

285 4216 354 4275 Ζ.
385 4216 724 4292 Boxbornii,
757 4220 835 4281 ls.
870 4218 1082 4291 vossii,
1110 4214 1207 4280 Jo.
1241 4220 1332 4281 Fr.
1363 4216 1671 4291 Gronovii,
1698 4217 1753 4278 J.
1784 4212 1866 4276 G.
1897 4213 2141 4290 Graevii,
2167 4214 2245 4275 Τ.
2286 4212 2483 4287 Fabri,
