3025 4842
263 347 292 367 0

1107 404 1187 453 IN
1236 402 1646 453 Juswmum.

285 558 322 605 2
349 552 624 604 interficitur
640 570 669 602 a
688 552 896 603 Romtsso
927 553 1045 613 xliii,
1067 560 1116 612 8,
1135 561 1162 606 1

351 617 588 683 Amyntas
607 618 926 667 Macedonum
949 634 1027 668 rex
1062 621 1140 678 vii,
1162 626 1214 677 2,
1231 624 1292 670 18

347 682 585 747 Amyntas
608 682 724 731 alter
743 683 956 733 Menelai
991 684 1111 732 filius
1142 685 1222 741 vii,
1240 688 1290 740 4,
1313 688 1344 733 8

347 746 584 812 Amyntas
604 748 699 794 dux
722 746 932 811 Philippi
953 748 1002 796 in
1015 748 1132 797 Asia
1161 748 1224 806 ix,
1247 753 1297 804 6,
1315 752 1347 797 8

347 810 586 875 Amyntas
607 811 858 860 Alexandri
873 812 1176 863 consobrinus
1187 815 1248 860 ab
1265 828 1346 861 eo·

283 878 392 925 dem
408 876 680 925 interfectus
700 876 780 933 xii,
801 880 852 933 6,
877 880 937 925 14
988 876 1170 924 videtur
1189 884 1346 924 autem

283 941 428 989 fuisse
448 941 574 989 idem
596 956 704 988 cum
725 941 974 1003 superiore.
1023 940 1231 989 Freinsh.

349 1004 584 1069 Amyntas
604 1004 862 1053 Alexandri
895 1005 1154 1067 praefectus,
1193 1006 1243 1052 in
1273 1003 1347 1052 di·

285 1068 467 1117 visione
502 1068 684 1133 imperii
717 1068 822 1133 ejus
857 1068 1130 1118 Bactrianos
1160 1070 1347 1117 sortitur

286 1132 386 1191 xiii,
407 1138 459 1191 4,
473 1138 538 1184 28

350 1196 433 1245 An
463 1198 499 1254 i,
521 1200 572 1253 6,
589 1202 622 1247 6
641 1205 693 1245 et
713 1200 794 1247 11.
813 1197 848 1255 i,
869 1202 922 1255 9,
945 1200 1024 1247 15.
1057 1197 1122 1255 xi,
1143 1202 1193 1254 9,
1214 1200 1264 1247 4.
1280 1196 1348 1255 xi,

285 1266 371 1319 12,
416 1265 492 1337 14..
527 1278 572 1319 ν,
593 1266 644 1319 4,
670 1267 732 1312 1⁸
775 1270 824 1310 et
852 1266 902 1319 8,
925 1266 972 1311 8.
1007 1262 1070 1319 vi,
1104 1268 1153 1319 2,
1183 1267 1234 1313 4.
1266 1261 1346 1319 vii,

285 1330 337 1383 8,
358 1330 409 1376 4.
441 1342 505 1384 xl,
522 1330 571 1381 6,
594 1330 624 1375 8

351 1390 656 1439 Anaxarchus
675 1390 982 1455 philosophus
1015 1390 1095 1447 xii,
1114 1393 1196 1447 18,
1219 1394 1249 1438 6

352 1454 612 1503 Anaxilaus
647 1460 876 1519 tyrannus
913 1454 1115 1512 Siculus,
1153 1454 1350 1517 insignis

279 1519 470 1584 justitia
500 1518 564 1577 ir,
585 1524 635 1575 2,
657 1522 690 1568 4

354 1583 548 1647 Anceps
589 1590 823 1632 certamen
859 1582 976 1648 (hoc
1003 1590 1092 1639 est,
1126 1582 1348 1659 dubium)

285 1648 342 1705 ii,
364 1653 414 1704 8,
439 1652 518 1698 11.
550 1647 614 1705 xi,
637 1651 687 1704 9,
711 1652 770 1697 11
797 1646 1004 1696 Freinsh.
1027 1645 1246 1695 Praelium
1268 1647 1349 1702 xii,

285 1718 338 1771 9,
364 1715 441 1761 11.
476 1712 569 1768 xxi,
589 1716 641 1769 2,
656 1717 689 1763 8
721 1710 917 1777 ancipiti
932 1711 1140 1776 periculo
1153 1710 1350 1759 circum-

287 1777 420 1827 venti
451 1776 573 1832 xxvi,
598 1780 644 1832 1,
671 1780 735 1825 10

353 1842 579 1890 Anchora
607 1840 792 1889 Seleuci
820 1848 870 1888 et
889 1839 1070 1903 generis
1089 1838 1194 1903 ejus
1211 1846 1348 1886 natu-

283 1906 394 1955 ralis
415 1912 530 1953 nota
563 1921 636 1961 xv,
651 1909 702 1961 4,
719 1910 754 1954 9

354 1967 548 2019 Ancilla
577 1968 704 2026 xxiii,
725 1972 777 2025 4,
797 1974 845 2019 6.
879 1968 1049 2025 xxxvii,
1070 1972 1119 2025 8,
1142 1972 1174 2017 8

354 2034 654 2098 Andragoras
691 2033 862 2081 nobilis
899 2033 1060 2089 Persa,
1102 2030 1350 2094 praet'eetus

291 2098 570 2148 Parthorum
591 2096 902 2153 constituitur,
923 2096 1039 2161 regii
1071 2096 1348 2145 Parthorum

292 2162 532 2227 sanguinis
565 2171 728 2237 auctor
761 2161 840 2218 xii,
877 2166 929 2220 4,
966 2165 1030 2211 12
1075 2160 1136 2209 ab
1172 2158 1350 2208 Arsace

289 2227 965 2369 ⁰p4ndrfflnq:‹¹:¹132'l⁷1ectoris,
1015 2302 1123 2335 mox
1175 2286 1352 2337 Heleni

288 2372 382 2409 con
403 2372 466 2404 ux
497 2356 606 2413 xvii,
627 2360 677 2413 8,
695 2360 728 2405 6

463 2428 613 2470 tactus
632 2420 761 2483 rupis
791 2416 914 2473 xxitr,
929 2420 980 2473 6,
995 2420 1029 2464 9

359 2484 578 2551 Angulus
604 2484 784 2534 ciliciae
815 2480 879 2539 xl,
901 2486 953 2539 2,
974 2484 1005 2529 8
1055 2480 1193 2528 maris
1232 2478 1349 2537 xliii,

326 2587 606 2678 'Angustia
644 2609 1060 2674 'rhemopylarum
1105 2606 1158 2664 ii,
1190 2611 1269 2665 11,
1304 2611 1352 2658 2.

291 2680 392 2737 viii,
407 2684 462 2737 4,
480 2683 542 2729 12
574 2674 812 2727 Salaminii
825 2674 931 2722 freti
963 2670 1014 2728 ii,
1037 2676 1118 2727 12,
1139 2674 1202 2719 18

361 2742 440 2792 An
475 2752 578 2791 usto
595 2740 779 2790 tramite
809 2738 920 2795 xliv,
937 2742 987 2794 4,
1009 2741 1042 2786 4
1086 2742 1286 2798 angusta
1304 2741 1355 2783 et

291 2760 514 2873 ignobllis
534 2807 685 2872 patria
714 2820 821 2861 xxV,
837 2808 886 2859 6,
905 2807 938 2851 fl
969 2807 1178 2864 augustie
1192 2800 1354 2847 fauces

289 2874 359 2932 iv,
380 2877 428 2930 1,
452 2877 480 2923 1
530 2870 739 2935 angustis
765 2866 970 2917 terminis
995 2864 1160 2913 insulas
1198 2861 1356 2911 claudi

289 2939 357 2995 iv,
385 2942 434 2995 1,
451 2940 532 2986 12.
565 2936 692 2991 xxiii,
715 2940 762 2991 1,
779 2938 812 2984 2
854 2927 1081 2994 augustiis
1098 2926 1188 2975 sibi
1221 2926 1356 2975 metis

289 3001 466 3052 inclusi
483 3000 760 3047 videbantur
789 2994 902 3052 xvii,
927 2998 973 3051 1,
998 2996 1060 3042 12

365 3065 608 3116 Anhelans
627 3062 790 3127 inopia
809 3060 926 3126 (hoc
946 3066 1034 3114 est,
1057 3054 1260 3121 summa)
1288 3054 1353 3112 ix,

297 3136 350 3189 1,
372 3134 406 3181 6
440 3128 650 3177 Freinsh.

364 3192 751 3244 Animadvertere
797 3188 849 3245 ii,
874 3191 954 3244 12,
987 3192 1036 3236 1.
1085 3183 1183 3241 viii,
1220 3188 1271 3239 6,
1310 3185 1358 3229 1.

297 3258 384 3318 xii,
407 3262 457 3315 9,
481 3264 526 3307 6.
541 3256 658 3312 xliii,
673 3258 765 3312 6,7
789 3252 1108 3301 animadverso
1122 3246 1246 3305 xxxi,
1261 3251 1310 3305 6,
1326 3250 1359 3295 2

363 3322 606 3372 Animalia
635 3320 686 3376 ii,
710 3323 758 3373 1,
781 3321 838 3366 11
864 3323 916 3364 et
935 3318 999 3365 18
1205 3374 1217 3387 ·

365 3387 618 3436 Animatus
639 3384 706 3431 sic
737 3382 807 3440 iii,
827 3386 877 3438 6,
901 3382 964 3429 12
997 3378 1120 3427 circa
1155 3375 1361 3439 aliquem

298 3452 536 3503 animatus
568 3448 664 3505 xiv,
685 3450 780 3504 1,8
1261 3500 1276 3515 .

368 3514 586 3565 Animosi
622 3510 756 3575 Tyrii
795 3506 968 3557 fiducia
1006 3504 1364 3567 Carthaginien·

297 3580 426 3633 sium
457 3580 524 3635 xi,
546 3582 626 3634 10,
649 3578 714 3627 12
1170 3631 1183 3644 .

370 3640 749 3693 Animusminax
780 3637 936 3693 ἱ,6,6
971 3635 1138 3697 ingens
1168 3633 1364 3689 1,6‚12

300 3710 490 3761 artimus
521 3721 618 3755 non
639 3704 774 3753 deest
796 3699 936 3749 alicui
963 3698 1016 3745 in
1046 3694 1270 3744 auxilium
1291 3692 1365 3743 sui

301 3777 344 3835 ἱ,
363 3781 416 3832 9,
433 3776 500 3823 20
533 3770 715 3819 animus
752 3766 813 3813 ad
851 3762 1142 3811 moriendum
1177 3765 1366 3822 paratus

297 3842 357 3899 ii,
382 3843 464 3895 11,
485 3840 520 3885 9
550 3834 732 3884 animus
753 3826 976 3895 parcendi
995 3826 1130 3873 victis
1159 3830 1368 3887 promtus

301 3908 373 3963 ix,
391 3907 442 3959 8,
463 3905 530 3951 20
561 3898 696 3949 cade
730 3895 924 3943 satiatus
957 3890 1117 3947 xii,.6,
1153 3893 1182 3937 6
1232 3886 1370 3935 sicuti

303 3971 361 4018 in
395 3969 596 4021 hostem,
623 3962 694 4009 ita
741 3959 792 4007 in
825 3962 1018 4004 mortem
1054 3953 1256 4002 invictus
1288 3950 1370 4023 xii,

307 4038 396 4090 16,
416 4035 451 4082 4
481 4028 661 4077 animm
678 4026 725 4073 in
748 4038 850 4071 eam
867 4036 962 4069 rem
973 4018 1224 4067 inclinatus
1243 4013 1372 4071 xviii,

309 4102 364 4155 1,
385 4100 418 4145 2
451 4093 658 4142 animum
679 4090 740 4138 ad
759 4084 939 4151 aliquid
973 4082 1178 4133 intendit
1205 4080 1374 4155 ¹¹³4·

307 4166 345 4213 Δ
399 4148 712 4207 facinorosum
760 4152 964 4201 animum
1017 4148 1079 4195 ad
1121 4144 1380 4192 domestica

310 4225 493 4275 scelera
523 4219 752 4271 convertit
791 4214 914 4272 xxiv,
934 4217 986 4270 2,
1009 4215 1037 4261 1
1071 4209 1276 4259 animum
1313 4206 1378 4253 ad

311 4290 531 4341 Deorum
551 4284 728 4351 templa
743 4278 974 4334 convertit
1002 4274 1125 4334 xxiv,
1147 4278 1198 4334 6,
1215 4277 1246 4323 »t
1279 4286 1379 4321 am-

2402 388 2481 453 xi

1421 570 1547 603 mum
1563 552 1682 619 regis
1702 552 1840 617 fregit
1859 553 2014 612 xxxiv,
2038 558 2089 612 8,
2112 558 2145 604 4
2178 554 2382 603 animum
2406 570 2484 605 se·

1419 618 2252 733 ξξέξὲξξξξξξξξξὺξῗξξξιξ
2264 619 2489 733 ἓξὲξξξ

1419 761 1587 809 capere
1608 762 1667 795 ex
1688 748 2013 811 superstitione
2050 746 2131 803 vii,
2153 751 2204 804 2,
2227 752 2289 797 10
2341 746 2485 796 animi

1419 811 1529 874 plus
1548 811 1691 859 alicui
1708 820 1781 859 est
1796 826 1934 887 quam
1958 810 2038 859 elii
2056 810 2122 868 xi,
2140 814 2220 868 10,
2244 814 2305 861 18
2328 810 2485 859 animo

1419 874 1793 937 magnificentior
1820 890 1884 931 rx,
1908 878 1958 933 8,
1980 879 2041 925 18
2076 874 2231 923 animo
2262 876 2487 923 concordi

1415 938 1465 994 ii,
1489 944 1569 995 10,
1591 944 1624 988 9
1676 938 1911 987 imbecillo
1960 939 2215 987 secundam
2254 939 2487 987 fortunam

1417 1002 1537 1051 t'erre
1570 1001 1667 1060 viii,
1703 1006 1749 1059 1,
1770 1006 1803 1053 4
1855 1002 2011 1051 animo
2056 1003 2273 1067 quedam
2309 1002 2485 1066 agitare

1419 1065 1519 1123 viii,
1540 1070 1591 1123 8,
1613 1069 1678 1115 12
1710 1066 1867 1113 animo
1888 1065 2153 1130 prospicere
2190 1067 2254 1123 ix,
2278 1070 2327 1124 1,
2351 1071 2374 1116 1
2412 1082 2486 1114 re-

1420 1138 1590 1179 vocato
1608 1130 1671 1177 ad
1694 1128 1867 1178 bellurn
1889 1132 2045 1178 animo
2076 1130 2142 1187 xi,
2158 1135 2209 1187 6,
2228 1135 2293 1181 18
2340 1129 2486 1179 animi

1419 1192 1530 1259 (pro
1573 1192 1757 1256 animo)
1790 1193 1915 1249 xxxi,
1936 1198 1986 1250 8,
2007 1199 2042 1244 6
2078 1194 2337 1242 animorum
2373 1194 2487 1259 (pro

1420 1258 1581 1314 animi,
1619 1264 1667 1305 et
1704 1257 1795 1306 hoc
1830 1272 1915 1321 pro
1954 1258 2179 1323 audacia)
2210 1257 2307 1316 xiii,
2341 1263 2391 1314 6,
2422 1262 2487 1307 18

1420 1322 1602 1371 animos
1624 1323 1735 1386 (pro
1755 1322 1977 1379 animum,
2004 1330 2055 1370 et
2088 1320 2179 1369 hoc
2214 1336 2299 1385 pro
2332 1322 2488 1369 consi·

1421 1386 1513 1451 lio)
1546 1384 1640 1442 xxi,
1672 1391 1723 1444 6,
1743 1389 1771 1434 1
1806 1384 2014 1435 Freinsh.
2072 1384 2272 1433 Animos
2310 1392 2491 1433 eetero-

1421 1466 1522 1498 rum
1544 1449 1749 1498 desectio
1764 1450 1904 1515 fregit
1933 1450 1985 1508 ii,
2011 1454 2091 1506 12,
2112 1454 2175 1499 26
2212 1448 2392 1498 animos
2414 1448 2489 1495 in-

1414 1514 1543 1578 juria
1562 1522 1613 1562 et
1630 1513 1727 1562 ind’
1795 1514 1885 1562 'tas
1917 1513 2048 1563 actrit
2076 1512 2142 1570 iii,
2160 1519 2210 1569 6,
2231 1516 2263 1562 4
2307 1512 2489 1561 animos

1422 1578 1606 1627 extollit
1624 1579 1732 1626 nob'
1752 1580 1841 1628 itas
1873 1580 1906 1636 i,
1930 1584 1980 1637 4,
2011 1583 2044 1628 4
2092 1577 2350 1626 animorum
2390 1576 2490 1625 ala-

1422 1642 1561 1691 critas
1582 1656 1753 1705 magna
1768 1649 1841 1691 est
1859 1642 2093 1707 aliquibus
2124 1641 2176 1697 ii,
2197 1645 2248 1698 9,
2272 1646 2333 1691 11
2384 1650 2491 1689 tan-

1422 1706 1482 1755 tis
1504 1706 1671 1756 animis
1684 1722 1959 1755 concursum
1972 1717 2047 1755 est
2075 1704 2144 1763 iii,
2161 1710 2190 1754 6
2196 1710 2283 1763 ,18
2308 1711 2489 1753 tantum

1421 1770 1678 1819 animorum
1711 1772 1776 1828 vi,
1810 1774 1861 1828 7,
1890 1777 1920 1821 6
1976 1768 2167 1818 hostiles
2199 1769 2377 1817 animos
2406 1769 2490 1816 de·

1423 1850 1599 1899 ponere
1632 1835 1712 1891 vii,
1734 1840 1783 1891 3,
1800 1838 1833 1883 9
1878 1850 1936 1882 ea
1964 1849 2037 1882 res
2056 1832 2237 1881 animos
2256 1848 2417 1880 eorum
2436 1832 2489 1879 in

1422 1914 1555 1963 spem
1578 1900 1841 1949 condenda
1861 1898 1986 1947 urbis
2018 1896 2238 1947 accendit
2264 1895 2365 1952 xiii,
2386 1900 2436 1953 7,
2458 1900 2493 1945 6

1422 1963 1568 2011 animi
1580 1962 1815 2027 juveniles
1837 1964 2019 2026 utrique
2038 1968 2173 2011 erant
2202 1960 2315 2016 xvii,
2347 1964 2395 2017 1,
2427 1960 2489 2008 11

1424 2026 1567 2076 ani-i
1591 2026 1787 2075 minores
1809 2041 1949 2089 quam
1982 2026 2111 2083 xviii,
2134 2031 2183 2083 1,
2204 2029 2237 2075 2
2270 2023 2489 2088 luporum

1424 2090 1605 2140 animos
1622 2091 1793 2139 habere
1824 2088 1993 2138 xxxviii
1997 2123 2013 2147 ,
2032 2094 2083 2147 6,
2099 2094 2133 2139 6

1489 2154 1659 2203 Annus
1694 2155 1888 2229 insignis
1918 2153 2211 2201 Athenarum
2246 2166 2491 2215 expugua-

1426 2220 1555 2268 tione
1587 2228 1637 2268 et
1670 2218 1807 2267 Darii
1826 2226 1974 2267 morte
2006 2224 2058 2267 et
2089 2216 2315 2281 Dionysii
2349 2214 2491 2264 exilio

1426 2301 1473 2342 v,
1495 2289 1548 2341 8,
1569 2288 1600 2333 7
1634 2298 1759 2333 anno
1780 2286 1949 2331 eodem
1971 2297 2067 2346 quo
2097 2280 2255 2329 Roma
2289 2295 2318 2327 a
2339 2277 2492 2328 Gallis

1425 2358 1583 2412 capta,
1622 2361 1714 2412 pax
1745 2353 1846 2395 tota
1880 2346 2066 2397 Graecia
2102 2345 2256 2394 extitit
2302 2343 2367 2401 vi,
2386 2347 2436 2399 6,
2459 2346 2491 2391 6

1425 2428 1551 2461 anno
1572 2414 1740 2461 eodem
1764 2420 1856 2461 tres
1872 2410 2041 2460 summi
2052 2408 2353 2474 imperatores
2367 2422 2493 2457 mor-

1426 2478 1495 2528 tui
1528 2475 1651 2531 xxxi,
1670 2480 1720 2531 4,
1742 2480 1804 2524 1⁸

1491 2539 1718 2586 Annuum
1752 2536 1981 2600 vectigale
2009 2535 2233 2585 tributum
2263 2532 2363 2589 xiii,
2390 2535 2435 2589 1,
2458 2536 2493 2582 0

1426 2618 1635 2651 annuam
1651 2600 1849 2663 vectigal
1884 2599 2016 2657 xviii,
2035 2605 2083 2656 6,
2107 2602 2170 2647 14
2216 2597 2362 2646 annui
2392 2610 2494 2643 ma-

1427 2667 1643 2730 gistratus
1675 2666 1726 2722 ii,
1746 2667 1797 2721 7,
1820 2669 1853 2714 2
1886 2676 2174 2712 successores
2204 2660 2273 2719 iii,
2288 2664 2339 2718 8,
2364 2664 2393 2709 1

1487 2728 1763 2778 Antandros
1782 2726 2059 2792 Agathoclis
2080 2727 2219 2774 frater
2252 2724 2363 2781 xxii,
2384 2726 2435 2782 7,
2456 2726 2491 2773 2

1489 2793 1620 2842 Ante
1636 2793 1761 2841 diem
1782 2791 1895 2857 (pro
1916 2798 2028 2838 ante
2047 2788 2167 2845 dies,
2188 2789 2279 2837 hoc
2299 2794 2389 2842 est,
2406 2787 2493 2833 ali-

1459 2858 1557 2906 uod
1579 2866 1763 2921 tempus
1826 2854 1891 2910 vi,
1912 2859 1961 2911 7,
1983 2859 2014 2902 7
2066 2851 2185 2917 (nisi
2218 2858 2292 2899 est
2325 2848 2495 2898 eodem

1461 2922 1504 2970 'e
1528 2930 1583 2970 ut
1602 2928 1618 2950 ⁸
1634 2928 1745 2968 ante
1814 2916 2021 2967 alendas’
2036 2916 2087 2963 in
2106 2914 2163 2965 1..
2182 2917 2260 2963 18.
2279 2912 2397 2961 etL.
2415 2915 2499 2961 56.

1426 2988 1473 3051 §0
1509 2992 1559 3035 ⁶·
1580 2985 1647 3033 Do
1664 2985 1727 3033 de
1738 2983 1803 3032 v·
1824 2982 1886 3031 o·
1934 2980 2143 3029 Freinsh·
2172 2978 2302 3026 Anoe
2316 2975 2499 3039 expeti-

1429 3058 1637 3099 mentum
1669 3048 1781 3097 belli
1816 3047 2012 3096 nimium
2048 3044 2145 3094 suis
2178 3040 2351 3089 viribus
2388 3040 2495 3087 fidit

1429 3114 1605 3163 Xerxes
1652 3112 1703 3169 ii,
1724 3117 1806 3169 10,
1832 3116 1892 3161 16
1950 3116 2060 3158 ante
2092 3107 2275 3171 jactum
2302 3106 2495 3167 sagitta·

1429 3194 1531 3227 rum
1566 3179 1627 3226 ad
1660 3178 1841 3225 hostem
1868 3175 2065 3223 veniunt
2098 3168 2412 3220 Athenienses
2444 3167 2496 3224 ii,

1431 3248 1482 3299 9,
1505 3247 1565 3293 11
1603 3248 1713 3289 ante
1743 3254 1915 3288 annum
1952 3235 2169 3301 Trojano
2200 3233 2348 3283 cladis
2385 3231 2497 3298 (pro

1432 3321 1559 3355 anno
1580 3312 1691 3355 ante
1724 3304 1975 3367 Trojanam
1996 3298 2205 3363 cladem)
2242 3298 2370 3355 xviii,
2393 3300 2443 3353 8,
2464 3302 2494 3345 6

1433 3368 1593 3420 Vorst.
1650 3368 1778 3416 Ante
1812 3366 1969 3416 omnis
1998 3364 2131 3429 (fiir
2144 3363 2265 3413 auen
2285 3360 2501 3423 ditreen)

1433 3433 1498 3549 ἒξ
1520 3439 1621 3545 ²13¹
1638 3432 1915 3546 dssLssffiftf
1943 3430 2015 3542 2²?
2023 3425 2203 3542 vlffissnl
2239 3426 2407 3538 1:¹⁸2}
2436 3424 2499 3537 <1¹2

1431 3562 1583 3675 i{liuh
1604 3562 1747 3627 legst.
1776 3568 1827 3609 et
1844 3560 2044 3610 Sueten.
2064 3556 2116 3605 in
2134 3555 2293 3617 Calig..
2318 3552 2420 3609 ui,
2443 3550 2503 3617 ⁵)

1475 3625 1645 3675 reinsh.

1501 3690 1739 3738 Anteacta
1768 3703 1816 3745 v,
1839 3691 1920 3744 10,
1943 3687 2005 3733 11

1499 3753 1799 3803 Antecedere
1810 3750 1991 3813 aliquos
2010 3743 2253 3794 nobilitate
2273 3739 2429 3797 xxxiii,
2453 3743 2503 3799 1,

1441 3826 1469 3871 1
1502 3817 1707 3883 aliquem
1728 3822 1867 3863 etate
1906 3810 2059 3866 xxxiv,
2080 3812 2129 3863 8,
2150 3811 2181 3856 7
2244 3869 2257 3881 ο
2281 3867 2293 3879 ·

1503 3881 1701 3931 Anteire
1720 3892 1881 3927 omnes
1900 3874 2111 3925 t'oeminas
2130 3869 2325 3917 mollitia
2337 3882 2505 3930 corpo-

1441 3950 1503 3997 ris
1533 3946 1569 4004 i,
1591 3950 1640 4003 8,
1670 3948 1703 3993 2
1735 3942 1841 4007 (Sic
1870 3941 1923 3989 in
1959 3937 2126 3985 malam
2162 3950 2211 3997 p.
2230 3938 2507 4009 ‘usurpatur-

1443 4010 1575 4061 Alibi
1593 4011 1643 4057 in
1664 4010 1849 4057 honam.
1898 4002 1983 4059 Ut,
2004 4000 2181 4049 anteire
2196 4012 2318 4044 viros
2336 4002 2509 4047 virtute

1445 4078 1481 4137 i,
1503 4080 1555 4133 2,
1571 4074 1630 4138 6)
1646 4072 1803 4121 Vorst.
2098 4126 2112 4139 .

1512 4138 1861 4187 Antelucanum
1882 4136 2067 4192 tempus
2096 4140 2133 4184 ι,
2151 4129 2202 4183 6,
2215 4129 2247 4175 2

1516 4203 1732 4251 Antenor
1752 4198 2039 4247 Venetorum
2058 4190 2275 4241 conditor
2302 4204 2383 4247 xx,
2404 4192 2452 4244 1,
2473 4192 2507 4237 8

1518 4266 1819 4331 Anteponere
1839 4275 1970 4327 spem
2004 4256 2181 4323 premii
2213 4253 2323 4305 fidei
2359 4266 2510 4303 saera-
