3025 4842
458 375 602 441 796

477 536 633 584 Bm.

541 612 750 660 Mortem
767 605 1138 672 illacrymans]
1173 605 1279 656 Alii
1303 611 1538 656 constru-

475 693 570 736 unt
589 699 706 734 curn
729 699 852 734 casu
871 684 1050 745 tertio,
1070 682 1351 752 dicuntque
1371 684 1387 711 ‘
1407 696 1539 731 mor·

475 763 518 812 ti
539 758 904 823 illacrymare.'
968 757 1120 808 Unde
1143 759 1394 807 Beruecc.
1417 771 1540 806 con·-

465 837 589 902 jicit
611 845 667 886 et
687 836 772 885 hic
789 834 832 885 f.
853 835 1049 885 rectius
1071 835 1145 884 ita
1179 835 1300 897 legi.
1369 833 1539 883 Nobis

477 913 604 962 nihil
627 911 856 961 mutand.
881 911 1124 972 videtur;
1157 917 1242 960 est
1261 908 1395 960 enim
1419 923 1540 959 con-

476 991 698 1040 structio
739 986 886 1040 facta
932 988 982 1036 vi
1027 987 1428 1051 prepositionis,
1471 1001 1539 1042 ex

478 1079 580 1128 qua
601 1064 816 1113 verbum
838 1068 918 1114 est
939 1062 1301 1126 compositum,
1319 1076 1541 1126 quaeque

479 1155 658 1190 casum
689 1145 923 1204 quartum
960 1138 1208 1203 requirit:
1243 1138 1541 1202 diciturque

472 1217 776 1280 illacrymat-e
811 1221 1024 1280 mortem,
1061 1229 1178 1279 pro,
1211 1216 1543 1280 illacrymare

479 1292 534 1341 in
579 1299 816 1342 mortem.
893 1290 997 1341 Inf.
1040 1305 1122 1342 xi.
1171 1296 1250 1341 1⁵.
1295 1297 1346 1347 4.
1391 1291 1542 1355 dicit,

477 1369 493 1396 ⁸
519 1374 738 1416 mortem
762 1368 1003 1431 lacrymis
1021 1367 1309 1433 prosequi.’
1350 1369 1465 1418 νον.

549 1443 878 1494 flammati·
895 1443 1056 1506 musa]
1091 1444 1126 1494 J
1129 1457 1220 1493 ure
1253 1445 1340 1501 τῆς
1375 1451 1543 1506 φιλαν-

479 1517 678 1581 θρωπίαι·
712 1527 771 1568 ct
803 1533 898 1583 pro
931 1519 1312 1569 necessitudine
1333 1520 1422 1569 illa
1459 1535 1543 1568 so-

481 1595 798 1659 cietateque‚
817 1609 932 1659 quas
963 1595 1103 1644 inter
1131 1595 1361 1645 homines
1382 1595 1543 1646 iuter·

481 1670 647 1720 cedit.
689 1674 706 1700 ‘
729 1671 1024 1721 Communis
1059 1671 1392 1722 humanitatis
1423 1671 1543 1738 jus’

482 1746 720 1796 Ciceroni
775 1747 966 1797 dicitur
1013 1762 1108 1811 pro
1149 1749 1297 1797 Flac.
1342 1751 1422 1798 11.
1459 1761 1543 1811 pr.

481 1825 498 1850 ‘
523 1822 876 1872 Humanitatis
892 1823 1160 1887 negotium
1185 1822 1395 1887 gerere’
1419 1822 1545 1872 dici·

483 1901 589 1960 tnr,
613 1898 698 1963 qni
720 1897 944 1948 cadaver
975 1899 1192 1960 sepelit:
1228 1898 1288 1947 1..
1315 1901 1395 1948 14.
1419 1898 1468 1960 ξ.
1491 1903 1543 1948 7.

483 1973 556 2024 D.
577 1973 643 2022 de
666 1974 914 2036 Religion.
951 1974 1074 2036 quia
1107 1973 1348 2022 memoria
1370 1973 1545 2021 huma-

482 2061 564 2097 na
587 2049 898 2098 conditionis
919 2047 976 2097 id
995 2045 1142 2098 facit.
1179 2047 1243 2097 L.
1262 2051 1345 2098 2¹1.
1379 2049 1453 2098 D.
1477 2047 1545 2097 de

483 2122 694 2172 Condit.
717 2123 878 2173 instit.
911 2121 1044 2172 Inde
1065 2122 1374 2175 Quintilian.
1395 2123 1545 2174 Deci.

486 2209 568 2246 vr.
617 2198 852 2260 corporis
917 2198 1137 2260 projecti
1204 2200 1221 2227 ⁴
1267 2198 1545 2260 Cadaver,'

481 2270 672 2335 inquit,
692 2271 708 2298 ⁸
724 2271 792 2320 ab
806 2271 1011 2320 incursu
1029 2271 1198 2322 avium
1215 2271 1546 2338 ferarumque

482 2351 686 2396 tantum
709 2345 1060 2396 miserantium
1085 2361 1280 2397 corona
1299 2349 1543 2399 custodit.

483 2421 851 2470 Convenerunt
870 2421 1030 2472 etiam
1051 2422 1208 2472 alieni
1228 2426 1548 2488 comploran-

487 2501 598 2546 tes:
653 2504 794 2547 totus
829 2497 883 2547 in
919 2500 1272 2562 spectaculum
1320 2503 1545 2565 populus

481 2568 677 2622 effusus
693 2579 796 2635 est,
819 2579 876 2623 et
913 2575 1090 2638 ignoto
1112 2589 1317 2641 quoque
1337 2577 1545 2642 corpori

483 2647 694 2712 publica
713 2648 1006 2698 humanitas
1029 2650 1175 2716 quasi
1197 2650 1444 2715 quasdam
1466 2650 1545 2702 fe·

483 2725 560 2774 cit
575 2727 862 2792 exequias.’
924 2729 1047 2778 vid.
1069 2735 1125 2779 et
1141 2729 1257 2780 Seu.
1287 2728 1472 2780 Benef.
1495 2744 1545 2780 v.

485 2804 572 2850 20.
595 2816 661 2852 in.
693 2804 936 2854 lactant.
967 2803 1100 2854 Inst.
1140 2817 1216 2855 vr.
1241 2809 1320 2856 12.
1391 2805 1543 2855 Hanc

482 2877 856 2929 humanitatem
878 2885 940 2929 ut
961 2887 1202 2930 auctores
1238 2881 1326 2929 alii
1361 2883 1376 2908 ⁸
1395 2880 1544 2930 mise·

483 2954 747 3006 ricordiae'
765 2969 827 3007 ac
864 2957 881 2984 ⁴
903 2956 1152 3020 pietatis,’
1187 2957 1263 3008 ita
1299 2956 1547 3020 Capitoli-

475 3044 580 3086 „nus
601 3033 656 3080 in
676 3032 753 3083 M.
775 3031 1042 3083 Antonino
1077 3032 1392 3096 Philosopho
1423 3045 1544 3095 cap.

487 3109 566 3157 1⁸.
594 3108 612 3136 ‘
631 3107 950 3158 clementiae'
984 3109 1238 3159 vocabulo
1269 3109 1541 3174 designat:

477 3181 496 3208 ⁸
535 3183 812 3246 Tantaque
851 3183 1132 3234 clementia
1171 3183 1312 3248 fuit,’
1357 3185 1546 3250 inquit,

482 3257 500 3286 ⁸
525 3263 584 3306 ut
601 3265 657 3307 ot
679 3265 888 3320 sumptu
914 3259 1122 3320 publico
1144 3261 1376 3324 vulgaria
1397 3259 1547 3312 fune.

485 3345 546 3382 ra
559 3330 776 3394 juberet
797 3328 1007 3382 efferri!
1037 3333 1190 3382 Bm.

551 3410 582 3471 ς
601 3411 634 3456 7
669 3407 909 3470 Filioque
929 3407 1029 3468 <ius
1043 3410 1288 3473 parentes]
1311 3412 1414 3463 Qui
1431 3425 1545 3476 piu·-

484 3483 609 3531 κιο
647 3489 929 3545 potuerant
961 3483 1089 3548 dici,
1123 3499 1241 3535 cum
1276 3486 1545 3539 ‘adultas'

483 3555 630 3605 dicat
667 3557 900 3618 Curtius,
935 3559 1248 3610 Plutarchus
1289 3561 1547 3625 θηπέρας

483 3630 754 3696 rapu-rous,
789 3647 1008 3698 quarum
1037 3636 1362 3701 alterutram,
1390 3654 1545 3704 quam

483 3707 720 3758 nimirum
772 3711 994 3774 eligeret
1053 3712 1185 3777 ipse,
1240 3713 1545 3767 Alexandro

485 3783 681 3834 Darius
697 3785 906 3850 obtulit,
925 3794 983 3837 nt
1003 3788 1297 3840 observavit
1317 3792 1546 3855 ampliss.

485 3859 568 3909 vir
601 3859 880 3910 Gisbertus
916 3861 1150 3926 Cnperus
1190 3864 1325 3915 Obs.
1349 3879 1424 3916 tv.
1461 3872 1543 3918 1⁰.

483 3936 680 3986 Censet
703 3937 768 3999 is,
789 3943 882 3988 aut
902 3937 1166 3991 Justiunm
1206 3955 1421 4005 errasse,
1453 3950 1547 3994 aut

481 4011 718 4063 librarios
739 4015 1006 4078 oscitasse,
1021 4023 1078 4066 et
1095 4013 1284 4066 foedam
1309 4018 1545 4069 mendam

484 4086 604 4136 buic
635 4090 750 4138 loco
772 4091 1106 4155 adspersisse,
1127 4091 1392 4142 Justiuum
1422 4110 1545 4146 vero

482 4162 784 4228 scripsisset
817 4179 922 4216 cum
941 4172 1161 4230 matrem,
1181 4167 1338 4234 filias,
1359 4171 1544 4236 fllium·

1173 389 1388 440 1⁴01·AE
1435 387 1837 438 vammum
1888 387 1965 437 m

1612 545 1699 595 qne
1716 530 1817 592 qius
1834 529 2079 593 pur-uulnus
2102 530 2381 594 frequenter
2416 532 2676 582 consolare-

1612 612 1711 656 tur.
1778 605 1935 655 Hunc
1973 607 2182 656 Curtius
2204 606 2433 656 nondum
2468 615 2674 658 sextum

1612 681 1787 732 aetatis
1804 678 2009 742 a'unum,
2030 696 2147 731 cum
2180 689 2479 744 caperetur,
2500 697 2676 746 egres-

1612 773 1725 806 sum
1750 771 1863 807 esse
1885 757 2081 818 scribit,
2118 771 2192 808 iv.
2230 761 2309 808 14.
2346 758 2501 822 eique
2524 757 2676 810 Ocho

1614 847 1799 882 nomeu
1834 831 2025 882 fuisse:
2078 833 2179 882 vid.
2219 832 2275 881 in
2313 833 2536 882 laudatis
2574 833 2677 883 illis

1616 907 1771 959 Obss.
1792 909 1961 972 plura,
1984 909 2169 974 quibus
2188 909 2273 958 hic
2292 909 2432 958 locus
2456 909 2686 960 illustra·

1615 989 1718 1035 tur.
1801 983 1947 1034 Inter
2000 985 2101 1034 alia
2154 985 2388 1034 ostendit
2442 985 2679 1036 Curtium

1610 1059 1808 1109 sentire
1830 1074 1947 1110 cnm
1969 1059 2197 1120 justino,
2227 1075 2343 1110 cum
2376 1060 2522 1110 Darii
2548 1076 2683 1114 uxo-

1614 1149 1725 1186 rem
1748 1137 1908 1186 visam
1942 1138 2100 1188 semel
2140 1143 2338 1186 tantum
2362 1137 2429 1187 ab
2451 1135 2681 1188 Alexan·

1614 1213 1711 1263 dro
1733 1215 1914 1276 tradit,
1932 1213 2163 1278 quamvis
2178 1213 2233 1262 in
2256 1213 2359 1263 alia
2380 1215 2450 1264 sit
2470 1221 2679 1265 senten·

1614 1291 1691 1339 tia
1711 1290 2021 1340 Plutarchus
2037 1296 2095 1340 et
2111 1289 2327 1354 ‚Appion
2350 1289 2683 1354 Plistonices,

1617 1365 1707 1431 qui
1747 1365 1957 1415 tradant
1996 1377 2063 1414 ex
2102 1366 2339 1428 Epistola
2373 1364 2682 1430 Alexandri,

1618 1454 1881 1506 nunquam
1915 1441 1981 1490 ab
2017 1439 2317 1490 Alexandro
2338 1441 2498 1490 visam
2520 1440 2681 1492 fuisse

1618 1516 1762 1565 Darii
1799 1531 2048 1577 αισι-ειυς
2082 1531 2199 1582 quae
2242 1517 2479 1580 Epistola
2512 1517 2556 1566 si
2594 1531 2685 1582 ge-

1618 1592 1776 1644 nuina
1792 1593 1877 1654 sit,
1892 1593 2081 1642 merito
2096 1593 2145 1644 ei
2165 1594 2337 1657 potius
2356 1593 2681 1646 credendum

1616 1683 1734 1719 esse
1756 1683 1907 1734 quani
1941 1668 2052 1719 aliis
2087 1669 2407 1732 auctoribus,
2442 1683 2566 1720 vere
2602 1670 2681 1720 ait

1618 1746 1871 1810 Cuperus.
1932 1745 2037 1795 Sed
2074 1747 2162 1794 alii
2200 1747 2310 1794 viro
2346 1759 2545 1795 summo
2574 1759 2681 1796 nou

1619 1835 1825 1884 possum
1848 1820 2174 1885 adstipulari,
2198 1821 2283 1886 qui
2306 1822 2321 1850 ‘
2344 1819 2680 1887 frequentet-⁹

1618 1898 1703 1950 bic
1756 1899 1979 1962 positum
2034 1900 2297 1949 existimat
2344 1913 2460 1962 pro,
2502 1898 2679 1948 multis

1618 1975 1981 2040 praesentibus,
2032 1989 2152 2026 cum
2189 1977 2260 2036 τῷ·
2298 1975 2315 2002 ⁴
2340 1973 2681 2039 frequenter'

1618 2051 1705 2102 bic
1742 2065 1845 2101 non
1882 2059 2181 2116 opponatur
2208 2051 2411 2115 ‘solus,’
2433 2050 2529 2104 sed
2563 2050 2683 2104 ‘se-

1620 2125 1755 2177 mel:
1786 2127 1955 2176 Grau.

1686 2203 1977 2268 Frequenter
2006 2201 2343 2267 oonsotmtur]
2374 2207 2391 2232 ⁶
2414 2203 2687 2269 Frequen-

1620 2278 1739 2341 ter,'
1777 2293 1893 2342 pro,
1928 2278 2275 2344 praesentibus
2319 2280 2514 2342 multis,
2549 2293 2681 2343 pr·-

1620 2362 1768 2405 seute
1804 2356 1957 2406 turba
1988 2356 2144 2418 regia.
2193 2356 2308 2406 Liv.
2348 2368 2388 2404 1.
2422 2357 2439 2384 ⁴
2464 2355 2683 2406 Romam

1617 2429 1743 2480 iude
1763 2430 2071 2496 frequenter
2102 2431 2377 2495 migratum
2400 2439 2501 2494 est,
2532 2445 2568 2480 a
2586 2445 2683 2495 pa·

1620 2508 1852 2560 rentibus
1890 2509 2111 2559 maxime
2134 2522 2195 2557 ac
2228 2508 2528 2573 propinquis
2562 2523 2683 2573 rap·

1620 2589 1827 2635 tarum.'
1862 2583 2019 2634 Vorst.
2052 2584 2272 2634 Minime
2294 2586 2543 2648 gentium.
2574 2585 2685 2637 nie

1618 2660 1634 2688 ⁸
1655 2658 1990 2724 frequenter’
2030 2669 2133 2721 est,
2170 2673 2331 2722 soepe,
2368 2665 2426 2709 ut
2469 2667 2685 2712 constat

1620 2751 1687 2787 ex
1728 2738 2051 2801 oppositione
2092 2737 2179 2786 τοῦ
2212 2738 2230 2766 ‘
2268 2735 2461 2788 semel!
2526 2737 2687 2788 Semel

1619 2817 1805 2862 tantum
1828 2829 1932 2864 eum
1966 2815 2235 2864 Alexandro
2253 2814 2423 2878 mass,
2448 2829 2555 2864 etun
2582 2831 2688 2866 nsa-

1618 2895 1743 2951 trem
1762 2891 1990 2955 filiasque
2026 2891 2127 2952 das
2158 2892 2380 2955 purvulas
2404 2889 2687 2956 frequenter

1618 2967 1945 3018 consolor-etur.
2002 2967 2178 3016 Graev.
2262 2968 2277 2994 ‘
2333 2966 2485 3032 Neq.'
2540 2968 2683 3019 idem

1619 3041 1761 3091 valet
1797 3044 1955 3107 quod,
1996 3043 2173 3093 multis
2208 3043 2579 3108 praesentibus,
2624 3051 2687 3096 ut

1618 3117 2032 3180 interpretantur
2073 3118 2216 3169 Avus
2266 3134 2381 3184 cap.
2420 3123 2506 3171 41.
2546 3120 2681 3172 Obs.

1618 3193 1673 3244 in
1696 3194 1887 3258 script.
1928 3195 2071 3245 Eccl.
2104 3209 2157 3260 p.
2184 3199 2297 3246 147.
2321 3203 2378 3246 et
2402 3197 2685 3248 Tennuliua

1620 3269 1687 3320 ad
1712 3271 1945 3320 Frontin.
1970 3271 2130 3321 Strat.
2154 3283 2240 3321 ιιι.
2272 3275 2324 3320 9.
2360 3276 2411 3322 2.
2439 3272 2541 3336 vel,
2562 3285 2684 3324 cum

1620 3344 1821 3410 ingenti
1843 3345 2153 3412 frequentia,
2176 3346 2435 3412 quomodo
2454 3347 2688 3412 loquitur

1618 3422 1837 3472 Petron.
1859 3426 1944 3472 65.
1978 3423 1994 3450 ‘
2018 3422 2170 3472 Inter
2190 3423 2304 3474 baec
2340 3424 2552 3474 triclinii
2577 3425 2686 3475 val·

1620 3512 1708 3547 vas
1726 3499 1879 3548 lictor
1902 3499 2177 3562 percussit,
2192 3500 2515 3566 amictusque
2534 3507 2683 3550 vesta

1620 3573 1739 3623 alba
1761 3587 1880 3623 cum
1904 3574 2011 3638 ing.
2046 3571 2181 3640 freq.
2199 3575 2503 3628 comissator
2524 3577 2686 3626 intru-

1618 3647 1732 3700 vit!
1798 3648 1880 3699 Id.
1902 3649 2058 3699 etiam
2080 3663 2183 3700 cnm
2202 3651 2385 3701 modion
2398 3650 2681 3716 frequentur

1616 3723 1773 3788 dixit,
1812 3729 1897 3777 97.
1950 3728 1966 3756 ‘
2000 3725 2175 3777 Intrat
2208 3729 2467 3779 stabulum
2506 3745 2685 3794 praeco

1618 3815 1735 3850 cum
1757 3815 1908 3852 servo
1931 3802 2141 3866 publico
2170 3803 2375 3868 aliaque
2395 3819 2518 3856 sane
2540 3805 2685 3857 mod.

1616 3874 1700 3927 fr!

1682 3955 1712 4019 ς
1746 3957 1777 4004 Β
1816 3955 2109 4018 Gratamque
2143 3954 2237 4005 sibi
2272 3956 2391 4021 esse]
2440 3959 2681 4010 Quonam

1616 4025 1717 4081 ista
1740 4029 2050 4083 referenda?
2081 4048 2203 4087 uum
2226 4034 2290 4084 ad
2310 4036 2546 4099 superius
2563 4039 2579 4066 ‘
2600 4051 2681 4087 ra·

1616 4115 1698 4158 tus
1714 4108 1751 4157 Ρ
1784 4109 1857 4160 sic
1881 4125 2007 4160 sane
2050 4113 2281 4175 postulat
2319 4111 2451 4162 ratio
2484 4127 2681 4163 sermo·

1616 4185 1723 4236 uis:
1774 4193 1829 4236 at
1864 4187 2127 4238 sententia
2170 4194 2253 4238 est
2292 4189 2449 4239 nulla.
2534 4189 2678 4258 Quid
