3025 4842
508 389 640 454 614

510 538 828 606 Imperatori
849 539 1062 590 Librum
1083 543 1099 570 ⁴
1118 539 1426 592 emendandi
1446 556 1568 592 cau·

509 618 596 668 sa'
617 617 762 682 (nam
795 617 890 667 hoc
913 616 1042 666 dicit
1065 615 1292 679 Auctor)
1311 616 1458 668 credi
1484 617 1569 666 vix

512 700 690 758 queat.
757 693 820 743 ln
863 691 1100 758 quibusd.
1135 692 1286 743 codd.
1317 695 1446 744 Mas.
1483 694 1567 744 bic

512 769 712 820 Noster
731 768 926 819 dicitur
951 769 1028 820 M.
1047 769 1287 818 «lindam
1316 770 1569 820 suam.-

511 847 636 896 item
669 845 894 896 diutim
932 845 1221 896 Frontinus.-
1253 859 1319 894 ex
1351 859 1472 909 quo,
1501 845 1567 894 si-

511 921 720 986 mulque
752 920 908 984 stylo,
928 920 996 970 de
1018 927 1178 970 etate
1199 934 1304 986 qua
1332 921 1479 980 vixit,
1499 933 1567 970 an

509 995 632 1060 quid
658 996 770 1045 erui
802 995 990 1059 possit,
1018 995 1245 1046 viderint
1276 995 1364 1062 qni
1385 997 1567 1060 genios

511 1077 778 1122 auctorum
832 1070 1222 1136 seculorumqne
1283 1070 1569 1134 possident.

510 1147 662 1197 Bem.
707 1146 1038 1213 Antiquiores
1055 1146 1222 1213 qued.
1236 1146 1356 1197 edd.
1375 1146 1569 1197 babent

513 1223 621 1274 sic:
657 1223 796 1279 Quod
829 1225 894 1271 od
929 1227 997 1290 te,
1021 1223 1288 1286 Imperator
1307 1222 1567 1274 Antonine.

511 1297 706 1347 Verum
735 1298 990 1361 Bongars.
1011 1297 1138 1347 illud
1161 1299 1284 1362 Imp.
1317 1299 1438 1349 Ant.
1477 1313 1570 1348 ex-

511 1373 733 1437 punxit3
779 1373 916 1438 qnod
953 1374 1006 1422 in
1045 1372 1212 1423 codd.
1241 1373 1446 1424 Mss.ld
1469 1387 1569 1422 non

511 1449 787 1510 reperiret.
855 1449 926 1498 Et
975 1446 1320 1511 adstipulatur
1355 1447 1405 1498 ei
1442 1447 1572 1498 Ber·

511 1537 660 1572 necc.
713 1524 799 1588 qui
855 1537 952 1573 nec
1007 1522 1258 1572 credibile
1307 1537 1420 1572 esse
1474 1523 1571 1585 ait,

511 1601 529 1629 ‘
553 1599 864 1654 emendandi
881 1599 1072 1660 eausa,'
1112 1605 1170 1649 ut
1185 1598 1386 1648 Auctor
1406 1598 1572 1665 loqui-

512 1682 618 1738 tur,
636 1675 824 1724 librum
853 1675 1083 1724 oblatum
1106 1674 1266 1724 fuisse
1285 1673 1574 1738 Imperato-

511 1749 574 1800 ri.
599 1750 744 1806 βοὴ.
766 1749 838 1800 Is.
860 1749 1126 1800 Pontanus
1145 1756 1319 1799 tamen
1334 1758 1391 1800 et
1407 1750 1570 1801 Gerb.

509 1824 630 1877 Job.
668 1824 818 1876 Voss.
871 1824 930 1874 τὸ
973 1825 1098 1889 Imp.
1131 1825 1254 1876 Ant.
1291 1825 1573 1889 genuinum

511 1913 630 1950 esse
653 1905 875 1963 putant3
913 1914 1082 1964 neque
1109 1897 1380 1950 offendere
1399 1915 1578 1966 qnem-

510 1989 666 2040 qusm
715 1975 910 2027 debere
941 1973 1250 2027 familiarem
1285 1976 1429 2026 illam
1476 1991 1581 2044 qua

511 2051 896 2115 Imperatorem
945 2052 1226 2116 compellat
1277 2051 1581 2116 orationem,

511 2125 654 2192 qnod
693 2133 900 2178 constet
931 2127 1158 2179 Plinium
1185 2126 1314 2177 item
1336 2127 1390 2176 in
1413 2127 1580 2179 Prof-

513 2201 588 2252 N.
625 2201 699 2252 H.
731 2201 799 2252 ad
837 2203 1206 2266 Vespasianum
1239 2201 1422 2252 eadem
1457 2217 1577 2267 par-

513 2275 684 2326 rhesia
721 2289 870 2326 usum
891 2291 1031 2340 esse,
1065 2277 1304 2342 dicendo,
1333 2279 1351 2308 ⁴
1371 2278 1573 2343 Vespa·

514 2351 730 2415 pasiano
765 2351 908 2415 suo;'
965 2352 1088 2403 item
1143 2355 1159 2382 ‘
1184 2353 1571 2406 Jucundissime

511 2423 825 2490 Imperator.
827 2427 844 2449 ’
905 2427 1301 2480 Observandum
1323 2439 1494 2480 antem
1516 2438 1572 2481 et

513 2499 664 2562 illud,
683 2501 824 2567 qnod
858 2502 1116 2568 Boussars.
1147 2519 1213 2554 ex
1251 2505 1416 2556 codd.
1439 2507 1569 2556 Mas.

513 2573 712 2625 edidit.
751 2575 1089 2640 Quadra,
1123 2584 1573 2643 mimam-aos-

510 2651 648 2702 cendi
694 2651 852 2714 nugi·
885 2668 1028 2717 quana
1080 2654 1360 2706 emendandi
1400 2671 1573 2716 onam,-

512 2731 572 2775 ot
593 2726 946 2778 Berneecerus
969 2729 1096 2780 illud
1113 2731 1271 2793 nugis
1287 2746 1459 2782 rursus
1479 2747 1571 2782 ex·

513 2801 719 2865 punxit.
783 2803 920 2854 Mihi
965 2819 1090 2856 vero
1138 2821 1257 2857 cum
1311 2806 1459 2858 Voss.
1511 2806 1573 2857 τὸ

511 2877 670 2940 mag-is
711 2879 886 2943 potius
925 2881 1272 2947 retinendum,
1306 2889 1366 2934 et
1389 2891 1572 2936 contra

510 2957 612 3004 tan
663 2957 1064 3022 expungendum
1119 2959 1342 3023 videtur,
1394 2962 1571 3027 legen·

511 3027 738 3095 dumque
761 3032 929 3083 adeo:
967 3035 1108 3090 Qua
1126 3037 1189 3086 ad
1211 3043 1280 3099 te,
1304 3037 1572 3101 Imperator

509 3101 767 3166 Antoniae,
799 3121 892 3158 noa
919 3112 1225 3170 cogamus·
1254 3112 1412 3172 nagia
1430 3128 1572 3176 φιωη

510 3183 788 3230 ens-dadi
806 3199 966 3235 caan.
987 3186 1118 3235 vor.

580 3257 721 3311 Quod
749 3261 814 3308 «a
833 3265 899 3323 te,
917 3275 1010 3310 noa
1040 3263 1162 3326 tam]
1192 3262 1280 3312 Sic
1301 3263 1572 3328 scripsisse

509 3329 794 3395 Justinum,
813 3347 916 3384 nou
939 3341 1022 3385 est
1040 3335 1364 3400 verosimile;
1385 3352 1573 3391 nomen

511 3405 648 3456 enim
669 3407 781 3470 ejns
803 3409 1106 3475 requiritur,
1138 3411 1206 3462 ad
1232 3427 1382 3478 quem
1405 3415 1571 3480 scrip-

509 3481 596 3544 ait,
627 3482 736 3532 sire
769 3483 852 3534 bic
885 3487 1133 3549 posuerit,
1157 3489 1270 3538 sive
1297 3489 1350 3539 in
1374 3489 1570 3541 Praefa-

509 3557 666 3608 tionis
707 3557 818 3623 buj.
856 3559 1047 3613 fronte.
1115 3563 1288 3627 Igitur
1324 3566 1474 3616 Voss.
1515 3567 1569 3617 in

509 3634 790 3685 Historicis
840 3635 1046 3688 Graecis
1095 3639 1364 3692 existimat
1409 3641 1569 3694 fuisse

509 3710 664 3760 olim:
703 3711 1118 3773 medanum
1138 3715 1254 3779 Ina,
1269 3731 1362 3766 noa
1375 3733 1567 3779 cognos-

508 3787 647 3837 cendi
697 3787 872 3850 magis,
915 3805 1056 3853 quaa·
1095 3794 1388 3854 madi,
1427 3808 1569 3844 masa

508 3861 772 3925 tranmisi,
805 3871 962 3929 atque
993 3881 1057 3916 ex
1084 3866 1326 3919 Antonine
1347 3868 1438 3918 Im.
1460 3868 1566 3921 fac·

509 3944 622 3988 tum
653 3953 772 3989 esse
803 3941 868 3990 ad
899 3945 948 3990 tc
974 3955 1083 3992 aaa.
1147 3941 1228 3992 De
1263 3958 1319 3993 re
1353 3957 1452 3994 nou
1475 3945 1567 3996 ab-

507 4025 658 4062 nuam
672 4029 688 4074 ;
711 4019 768 4064 at
779 4016 1073 4068 emendatio
1086 4031 1189 4068 non
1203 4019 1394 4082 placet.
1415 4020 1565 4070 vett.

506 4088 620 4151 ipso
641 4089 792 4139 Voss.
818 4096 954 4141 teste
986 4091 1059 4142 ita
1081 4094 1300 4146 babent:
1343 4095 1482 4152 Quod
1501 4099 1566 4146 ad

507 4166 557 4211 te
597 4177 691 4212 aon
737 4168 836 4214 taus
873 4169 1176 4229 mendi
1216 4170 1388 4233 uagis,
1427 4186 1567 4234 queas

507 4239 802 4305 emendandi,
818 4255 958 4292 cuasa
973 4245 1234 4308 transmisi.
1275 4247 1356 4296 Ex
1379 4246 1566 4312 quibus

1197 403 1416 454 ⁸0¹1·AE
1463 402 1869 454 VAmoRUM
1916 402 1999 452 IN

1642 501 1817 592 verbis
1850 540 2057 606 colligo,
2098 540 2375 592 lectionem
2412 555 2587 594 veram
2628 543 2709 594 ita

1642 630 1756 668 sese
1777 616 2047 666 babuisse.
2033 633 2046 645 ·
2084 617 2224 672 Quod
2244 620 2308 666 ad
2328 623 2378 666 te
2399 633 2491 668 noa
2510 623 2613 668 tas·
2632 634 2709 668 co·
2782 643 2793 656 ·

1638 692 1910 756 gauceadi,
1924 693 2091 742 Marce
2110 691 2351 742 Antonine
2370 695 2538 742 emar
2538 709 2709 757 ,quast

1641 769 1935 830 emendandi,
1968 782 2109 818 causo
2128 770 2389 820 tranmisi.
2442 771 2605 820 Error
2627 776 2707 820 to

1642 851 1729 895 tus
1742 851 1897 894 natus
1910 850 1992 893 est
2009 859 2077 894 ex
2090 842 2395 907 compendio
2412 844 2707 908 scripturae,

1643 933 1743 985 quo
1768 918 1880 984 quis
1902 932 2089 968 nomen
2116 919 2427 982 Imperatoris
2448 933 2544 982 per
2567 919 2706 970 solas

1643 994 1843 1045 litteras
1859 993 2077 1044 initiales
2094 993 2506 1057 expresserat,h.
2524 994 2706 1044 modo:

1640 1087 1707 1120 ns.
1728 1085 1777 1128 ᾳ.
1798 1085 1908 1120 oaes.
1978 1069 2091 1118 Has
2113 1069 2315 1120 litteras
2349 1069 2470 1134 quia
2498 1083 2603 1118 non
2634 1069 2710 1118 in·

1644 1145 1934 1210 telligebat,
1976 1145 2063 1208 qui
2117 1142 2346 1194 debebat
2390 1143 2713 1208 describere,

1643 1221 1937 1286 conjunxit,
1959 1227 2015 1270 et
2039 1233 2103 1270 ex
2128 1219 2203 1269 eis
2225 1217 2354 1269 fecit
2374 1234 2539 1268 raaces.
2576 1219 2710 1270 Post

1642 1301 2057 1360 supervenerunt
2091 1295 2198 1357 alii,
2232 1294 2321 1359 qui
2363 1293 2709 1344 emendarunt

1643 1384 1715 1422 sc.
1737 1379 1793 1420 et
1815 1385 1880 1419 ex
1902 1384 1966 1420 eo
1989 1368 2232 1420 fecerunt
2247 1370 2412 1431 mm,
2433 1375 2489 1418 et
2507 1377 2710 1432 postre-

1643 1460 1729 1495 mo
1744 1446 1914 1508 magis.
1950 1446 2081 1496 Esse
2098 1452 2271 1496 autem
2289 1444 2708 1496 emendationem

1644 1529 1871 1570 nostram
1896 1521 1984 1570 illa
2014 1521 2182 1570 altera
2213 1520 2497 1585 meliorem,
2523 1521 2609 1570 vel
2640 1535 2709 1572 ex

1644 1609 1708 1646 eo
1741 1601 1912 1660 paret,
1945 1594 2069 1662 quia
2090 1595 2287 1647 retinet
2309 1596 2401 1648 illa
2420 1598 2483 1646 ad
2502 1601 2570 1661 te,
2587 1610 2707 1663 qun

1646 1685 1751 1721 non
1785 1677 1999 1735 possunt
2034 1671 2232 1735 abesse,
2263 1687 2382 1723 cum
2416 1672 2474 1721 τὸ
2511 1676 2713 1724 ‘trans-

1646 1746 1786 1796 misi’
1830 1747 2037 1796 omuino
2082 1761 2146 1797 ea
2189 1749 2438 1811 requirat.
2500 1749 2607 1798 Sed
2652 1755 2709 1800 et

1650 1825 1749 1870 un
1764 1822 2043 1885 respondet
2053 1823 2236 1873 melius
2247 1825 2315 1884 τῷ·
2332 1822 2541 1889 ‘quam,'
2554 1839 2710 1889 quam
2771 1834 2779 1841 ·

1649 1897 1824 1958 nqis.
1901 1896 2057 1948 Quod
2098 1904 2271 1948 autem
2306 1897 2391 1947 bic
2436 1897 2710 1963 objicitur,

1654 1971 1879 2022 oblatum
1935 1971 2253 2038 Imperatori
2304 1973 2489 2024 librum
2538 1988 2711 2025 emen·

1652 2043 1809 2096 dandi
1844 2060 2000 2097 causa
2036 2047 2183 2097 credi
2214 2047 2300 2097 vix
2335 2063 2508 2112 posse,
2525 2050 2625 2100 boc
2648 2057 2712 2101 ut

1651 2121 1777 2172 alibi
1794 2119 2013 2171 fortasse
2028 2121 2199 2172 locum
2214 2121 2423 2187 babeat,
2438 2123 2511 2174 sic
2528 2124 2583 2174 iu
2602 2124 2712 2175 An·

1651 2197 1831 2248 tonino
1876 2197 2019 2248 valet
2051 2197 2195 2262 nibil,
2229 2212 2379 2265 quem
2412 2206 2495 2250 est
2527 2205 2708 2250 notum

1646 2271 1808 2324 fuisse
1848 2273 2115 2324 literarum
2152 2273 2377 2325 omnium
2412 2290 2515 2326 non
2556 2275 2709 2326 modo

1646 2348 2071 2414 amantissimum,
2082 2349 2175 2400 sed
2188 2355 2245 2400 et
2259 2348 2708 2403 studiosissimum.

1711 2499 1857 2564 Cato]
1881 2500 1944 2551 In
1960 2501 2124 2565 princ.
2137 2500 2409 2565 Originum
2426 2502 2504 2552 Μ.
2518 2501 2707 2555 Cicero

1645 2583 1740 2639 pro
1753 2575 1994 2626 Planc.c.
2010 2579 2091 2627 8⁷.
2104 2577 2336 2628 meminit
2350 2585 2407 2628 et
2420 2577 2709 2632 Columella

1642 2651 1747 2702 flue
1766 2651 1861 2702 lib.
1880 2666 1945 2702 ιι.
1966 2652 2208 2715 Boagors.
2258 2653 2328 2704 Et
2350 2654 2645 2719 Symmach.
2666 2670 2708 2708 1.

1643 2727 1745 2791 Ep.
1780 2731 1828 2777 1.
1864 2726 2085 2778 Galbam
2122 2734 2306 2778 contra
2338 2729 2621 2781 Suetonius
2654 2745 2707 2782 c.

1642 2807 1694 2853 9.
1736 2809 1788 2853 6.
1824 2802 2002 2853 dicero
2044 2803 2250 2854 solitum
2292 2803 2474 2868 refert,
2528 2805 2545 2833 ‘
2568 2805 2706 2871 quod

1643 2892 1796 2928 nemo
1816 2879 2067 2929 rationem
2090 2879 2187 2932 otii
2206 2880 2286 2930 sui
2316 2879 2533 2931 reddere
2555 2895 2709 2948 coga-

1644 2961 1749 3006 tur.
1794 2954 1996 3006 Bm.

1708 3028 2435 3095 &manietotiimesdaset
2457 3033 2579 3083 Cato
2599 3034 2711 3084 red·

1642 3104 2043 3167 dodanam-r
2054 3110 2218 3170 putat,
2238 3108 2365 3170 apud
2384 3111 2433 3157 ts
2453 3108 2580 3158 ratio
2598 3124 2708 3159 con·

1642 3181 1833 3244 stares]
1878 3181 2049 3232 Locus
2072 3192 2374 3247 corruptus:
2411 3184 2544 3248 lego,
2563 3185 2709 3235 sinai

1645 3261 1700 3304 at
1724 3261 1773 3306 et
1801 3257 1893 3306 otia·
1922 3259 2034 3321 assi,
2054 3259 2187 3320 cidus
2206 3263 2254 3308 a
2279 3261 2401 3309 Caio
2423 3262 2707 3311 reddendum

1643 3331 1875 3382 rationem
1906 3337 2062 3396 putat,
2090 3335 2215 3396 apud
2237 3339 2285 3384 te
2304 3335 2431 3384 ratio
2450 3340 2706 3388 constaret.

1646 3406 1831 3471 Neque
1868 3408 2002 3458 enim
2037 3411 2233 3458 reddere
2266 3424 2455 3473 operam
2492 3411 2583 3462 otii
2610 3413 2709 3476 sai,

1642 3481 1737 3531 sed
1768 3482 2019 3546 rationein,
2056 3484 2245 3535 latine
2278 3487 2487 3538 dicitur.
2552 3487 2708 3538 Adde

1643 3557 1780 3624 quod
1801 3566 1858 3609 et
1875 3559 2043 3626 quaed.
2062 3567 2193 3611 vett.
2210 3561 2247 3614 J
2252 3563 2407 3614 ustini
2426 3561 2546 3614 edd.
2572 3563 2707 3615 bane

1641 3633 1916 3684 lectionem
1960 3643 2157 3686 secutas
2202 3645 2353 3700 suut;
2404 3654 2559 3706 qnam
2602 3655 2706 3705 ego

1641 3722 1675 3757 a
1706 3708 2082 3773 posterioribus
2125 3711 2412 3764 editoribus
2453 3715 2705 3777 rejectam

1638 3779 1800 3832 fuisse
1824 3784 2065 3835 demiror.
2098 3787 2270 3837 Faber.
2328 3787 2460 3838 Cato
2483 3789 2617 3853 ipse,
2636 3789 2705 3841 ad

1639 3860 1787 3922 cujus
1811 3858 1973 3908 verba
1994 3859 2186 3910 Noster
2204 3863 2410 3926 alludit,
2426 3877 2542 3914 usus
2560 3864 2707 3916 vide·

1640 3939 1725 3985 tur
1746 3933 1919 3998 pbrasi
1950 3934 1967 3962 ‘
1985 3936 2239 3986 rationem
2276 3937 2533 3990 reddere!
2590 3939 2707 3992 Cic.

1638 4011 1776 4061 enim
1798 4011 1849 4060 in
1873 4010 2026 4060 Orat.
2052 4026 2146 4076 pro
2168 4012 2348 4067 Plane.
2370 4016 2462 4066 nbi
2486 4017 2705 4070 Catonis

1636 4085 1777 4137 istud
1802 4084 1998 4150 laudat,
2019 4085 2095 4136 sic
2116 4086 2306 4141 habet:
2343 4091 2360 4119 ‘
2380 4091 2457 4142 Μ.
2485 4092 2706 4146 Catonis

1637 4163 1786 4225 illud,
1822 4161 1962 4228 quod
1994 4163 2047 4212 in
2072 4163 2325 4231 principio
2348 4169 2562 4232 scripsit
2585 4169 2709 4221 Ori·

1638 4243 1814 4308 ginum
1830 4253 2060 4308 suarum,
2074 4257 2281 4309 semper
2298 4245 2629 4312 magnificum
2645 4255 2706 4300 et
