3025 4842
471 417 476 422 ·
499 387 630 453 ’794

498 543 582 593 Sic
600 556 802 610 quoqne
816 545 1046 596 nonnulli
1063 545 1200 597 inter
1213 547 1406 600 Justinl
1423 563 1561 599 com·

497 619 747 682 pilatores
767 622 1023 685 legerunt.
1067 623 1198 672 Voss.
1263 623 1411 674 Istud
1439 626 1560 674 Cili-

497 695 620 744 ct‘um
643 696 888 747 vitiosum
909 713 1025 746 esse
1037 699 1148 761 jum
1173 699 1260 748 alii
1285 699 1526 750 viderunt
1546 715 1561 750 ι

496 785 616 821 nam
653 773 852 834 pridem
897 774 1188 837 perdomita
1226 775 1400 826 fuerat
1441 777 1557 827 hoec

497 849 784 912 provincia.
851 850 1162 899 Universum
1205 851 1342 900 hunc
1385 852 1556 900 locum

496 923 594 972 sibi
629 929 924 987 suspectum
955 924 1028 972 uit
1065 937 1179 972 esse
1219 925 1562 988 Bongarsius.

496 997 720 1050 Quidam
745 1014 829 1062 ap.
869 1000 1121 1048 Bernecc.
1164 1000 1374 1062 legebat
1409 1002 1555 1064 Cyre·

492 1089 614 1132 aea,-
663 1075 736 1125 Is.
770 1077 983 1124 Vossius
1021 1075 1212 1139 »Syriam
1229 1093 1251 1135 ,·
1301 1091 1443 1139 vere,
1500 1077 1555 1126 ni

493 1149 665 1200 fullor.
717 1152 889 1201 Faber.
981 1151 1202 1202 Ciliciam
1255 1151 1555 1202 Alexander

496 1233 785 1289 occuparat
799 1227 913 1289 jam
936 1233 1075 1276 ante.
1141 1228 1312 1278 Quum
1335 1227 1403 1277 ob
1433 1243 1554 1276 cun·

493 1315 602 1350 sum
625 1315 720 1364 pro
741 1303 962 1350 Ciliciam
977 1301 1210 1350 Freinsh.
1235 1302 1436 1364 legend.
1461 1316 1552 1364 pu·

491 1381 573 1425 tat
597 1376 829 1440 Cyrenen.
897 1376 998 1424 Sed
1021 1390 1189 1439 neque
1227 1376 1324 1424 hoc
1359 1381 1553 1439 potest.

493 1451 632 1500 Num
667 1452 908 1514 Cyrenen
949 1451 1171 1501 obtinuit
1195 1453 1400 1501 demum
1423 1453 1550 1502 Pto·

489 1527 720 1585 lemaens,
743 1533 802 1574 ut
833 1541 900 1574 ex
924 1538 1053 1576 xm.
1072 1530 1121 1575 6.
1147 1529 1228 1576 10.
1251 1527 1426 1576 videre
1447 1535 1548 1577 est.

492 1601 713 1652 Rectius
735 1603 892 1665 igitur
912 1602 1137 1664 videtur,
1171 1603 1309 1666 quod
1341 1603 1550 1652 Vossius

488 1679 695 1742 legend.
719 1685 891 1742 putat,
913 1678 1210 1742 Syriumque.
1244 1681 1419 1729 Vorst.

555 1756 634 1818 §3
674 1756 754 1804 Ex
783 1754 1020 1818 serpente]
1071 1755 1186 1804 Liv.
1220 1767 1380 1805 xxvi.
1403 1760 1479 1805 19.
1498 1760 1548 1805 6.

488 1828 586 1880 Ῥ.
625 1830 776 1880 Corn.
814 1830 989 1894 Scipio
1029 1829 1232 1879 rettulit
1265 1828 1454 1878 fumum
1493 1830 1548 1878 in

488 1905 780 1958 Alexandro
803 1908 996 1972 Magno
1019 1908 1160 1970 prius
1190 1908 1474 1970 vulgatum,
1494 1913 1551 1956 et

487 1983 721 2033 vanitate
748 1991 805 2032 et
827 1981 1006 2033 fabula
1028 1998 1222 2047 parem,
1254 1985 1436 2046 anguis
1457 1983 1549 2032 im·

486 2058 652 2107 munis
705 2059 982 2110 concubitu
1033 2058 1390 2122 conceptum,’
1443 2063 1545 2110 διο.

489 2131 618 2184 End.
661 2131 774 2182 fere
811 2131 984 2198 Agell.
1025 2148 1124 2184 vn.
1157 2139 1203 2184 l.
1248 2135 1444 2185 Similia
1477 2135 1546 2185 de

487 2205 722 2270 Augusto
741 2209 1018 2259 Suetonius
1041 2214 1124 2260 94.
1147 2215 1197 2259 8.
1233 2211 1434 2260 Fabula
1455 2211 1547 2260 illa

486 2281 556 2330 do
574 2282 830 2346 Scipionis
853 2292 970 2334 ortu
992 2287 1200 2348 peperit
1219 2287 1372 2336 aliurn
1393 2284 1545 2336 fabu-

483 2357 592 2408 lam
624 2357 690 2406 de
720 2372 881 2421 specu
904 2359 957 2408 iu
981 2360 1301 2422 Linternino‚
1327 2361 1414 2410 ubi
1441 2376 1547 2410 rnu-

485 2445 579 2482 nes
633 2432 741 2496 ejus
795 2435 1060 2484 custodire
1101 2435 1258 2486 draco
1304 2437 1546 2502 truditur,

483 2506 624 2557 Plio.
649 2521 768 2558 xvr.
791 2513 874 2559 44.
899 2525 977 2573 pr.
1011 2511 1165 2562 Ber-u.

551 2583 582 2646 ς
603 2589 634 2631 6
667 2581 837 2646 Stupri
855 2586 1161 2650 compertam]
1196 2585 1282 2636 Itu
1304 2589 1417 2638 Liv.
1434 2602 1541 2639 vn.

483 2661 534 2708 4.
554 2663 605 2709 4.
637 2659 654 2687 ‘
674 2659 878 2709 Nullius
897 2661 1068 2724 probri
1096 2664 1434 2727 compertus!
1470 2667 1543 2715 Et

481 2731 521 2784 f.
565 2733 679 2798 ejus
723 2735 1008 2786 imitatione
1051 2739 1174 2788 Tac.
1215 2739 1283 2790 A.
1323 2753 1360 2790 1.
1398 2744 1448 2790 3.
1486 2745 1538 2791 6.

479 2807 496 2836 ⁶
515 2809 722 2859 Nullius
767 2816 938 2861 tomen
979 2810 1164 2877 flagitii
1207 2816 1543 2878 compertus.’

479 2884 685 2936 Ber-nec.
752 2888 866 2938 Liv.
900 2902 1049 2938 xxti.
1077 2894 1161 2940 67.
1195 2895 1210 2920 ⁸
1230 2891 1372 2940 Dum
1410 2893 1539 2942 Ves-

475 2960 613 3024 ,tales
659 2963 824 3026 stupri
863 2965 1178 3027 compertae?
1259 2966 1416 3015 Aliud
1455 2971 1539 3018 est

477 3035 692 3100 ‘stupro
729 3045 1046 3102 compertu?
1079 3054 1182 3103 qno
1203 3041 1348 3103 Sulp.
1381 3041 1537 3092 Seve-

477 3124 567 3160 rus
591 3113 756 3161 utitur
779 3113 921 3162 Hist.
940 3113 992 3162 S.
1011 3117 1055 3162 1.
1076 3119 1158 3164 88.
1192 3115 1312 3164 Vid.
1337 3125 1535 3168 nostras

429 3209 438 3216 ·
476 3185 530 3234 in
554 3187 697 3235 illum
723 3187 909 3235 Notas.
949 3188 1101 3238 νοτ-ει.

543 3262 628 3323 §6
663 3261 916 3321 erig-inem
929 3263 1224 3328 divinitatis]
1258 3269 1316 3316 F.
1333 3269 1537 3332 orig-iuis

473 3334 792 3384 divinitatem.
826 3335 987 3386 Gron.
1115 3362 1124 3370 ·

543 3410 624 3471 §7
661 3407 857 3468 Ingred.
867 3411 974 3473 ζα]
1005 3412 1189 3464 AEllau.
1210 3429 1312 3466 ιιι.
1325 3417 1392 3467 de
1407 3419 1533 3472 Nat.

477 3482 651 3532 Anim.
665 3487 716 3531 6.
750 3481 842 3530 Καὶ
854 3483 1114 3544 Ὀλυμπιὰς
1131 3487 1182 3537 δὲ
1201 3489 1349 3539 ἔκειτο
1363 3495 1535 3558 γυμνὴ,

475 3556 509 3616 ἡ
541 3556 746 3606 τεκοῦσα
776 3556 864 3606 τὸν
894 3561 980 3607 τοῦ
1013 3562 1139 3622 Διὸς,
1174 3565 1236 3614 ὥς
1273 3565 1534 3634 ἐκόμπαζεν

477 3631 619 3695 αὑτὴ,
639 3631 717 3681 καὶ
737 3633 910 3684 ἐκεῖνος
923 3632 1082 3698 ἕλε-γε.

547 3709 616 3758 Ut
635 3710 916 3764 Hammonis
934 3712 1123 3777 filium]
1153 3715 1218 3765 Τὸ
1237 3722 1294 3767 at
1325 3719 1531 3771 videtur

472 3786 800 3852 expungend.
835 3787 987 3838 Sebiae.
1053 3790 1308 3856 Hammon,
1337 3797 1532 3846 rectius

469 3859 694 3923 Ammon,
707 3861 855 3914 Jovis
873 3863 926 3912 in
950 3864 1116 3930 Libya
1137 3878 1531 3932 cognomentum

469 3943 569 3998 est,
589 3937 654 3988 ab
678 3939 843 3989 arenis
866 3940 915 3990 ei
947 3941 1186 4005 inditum,
1224 3959 1437 4009 quarum
1459 3948 1534 3996 iu-

472 4026 600 4074 gens
634 4013 784 4064 isthic
803 4015 974 4078 copia.
1041 4019 1186 4069 Mela
1202 4034 1244 4070 1.
1269 4025 1316 4072 8.
1349 4021 1531 4085 Olym-

471 4087 640 4148 piadis
660 4087 904 4138 festivum
935 4093 1266 4156 rescriptum,
1303 4109 1404 4160 quo
1437 4095 1529 4149 tilii

462 4161 793 4229 jactantium,
824 4166 1083 4230 ‘genitum
1113 4182 1171 4219 se
1189 4169 1362 4238 Jove,’
1385 4181 1527 4228 retu·

1183 401 1400 454 No‘rffl.
1451 405 1855 456 vAltlomJM
1906 405 1986 459 IN

1636 549 1733 612 dit,
1772 547 2005 612 Agellius
2026 561 2153 599 xm.
2186 553 2236 600 4.
2268 547 2447 600 refert.
2514 548 2700 602 Coriu-

1636 624 1772 674 thios
1791 623 2089 674 Alexandro
2106 632 2329 674 statuam
2344 626 2377 676 J
2381 626 2495 675 ovis
2508 635 2699 676 oruutu

1636 700 1771 749 intra
1798 701 1953 750 Altini
1978 701 2267 762 dedicasse,
2288 701 2453 751 tradit
2468 702 2623 752 Paua.
2644 717 2697 752 v.

1636 775 1839 838 longius
1862 791 1893 825 ιι
1914 775 2001 827 fin.
2036 777 2237 826 Ber-nec.

1700 855 1783 917 §8
1820 853 2035 916 Cesset-i]
2068 853 2188 902 vid.
2224 859 2411 904 notata
2446 853 2513 902 ad
2537 867 2618 904 rx.
2642 858 2695 904 2.

1634 933 1683 977 9.
1718 929 1795 978 [a.

1696 1004 1726 1065 ς
1748 1007 1781 1051 9
1812 1002 1891 1051 Au
1920 1017 2079 1052 omues
2104 1003 2431 1064 interfectores
2458 1005 2697 1069 pareatis]

1630 1076 1805 1126 Homo
1829 1078 2100 1142 insigniter
2136 1077 2329 1140 fatuus,
2358 1079 2524 1143 quise
2547 1080 2693 1143 bipa-

1632 1157 1761 1200 trem
1798 1153 1979 1201 haberi
2022 1155 2266 1216 postulet.
2332 1154 2408 1202 At
2452 1154 2575 1203 boni
2614 1155 2699 1204 illi·

1628 1227 1982 1288 nugivenduli,
2037 1228 2343 1277 Hammonis
2391 1227 2696 1292 Ammites,

1627 1301 1791 1362 magis
1834 1301 2125 1366 sapiebant,
2166 1311 2241 1364 et,
2282 1304 2325 1351 si
2370 1302 2495 1368 quid
2538 1303 2691 1354 bone

1626 1376 1813 1425 mentis
1835 1377 1887 1425 iu
1925 1371 2145 1427 cerebro
2173 1377 2457 1428 Alexandri
2486 1377 2693 1440 fuisset,

1625 1447 1883 1501 hominem
1920 1453 1987 1502 ad
2018 1455 2293 1504 sanitatem
2334 1464 2689 1518 revocassent,

1626 1526 1713 1589 qui
1735 1526 1943 1576 intimas
1978 1525 2177 1577 Africae
2207 1528 2509 1578 solitudines
2533 1544 2689 1592 pene·

1628 1608 1821 1652 trasset
1852 1610 1910 1651 ut
1948 1618 2005 1652 se
2026 1604 2325 1654 lactandum
2362 1612 2418 1655 et
2438 1604 2688 1654 deluden-

1625 1677 1747 1727 dum
1784 1679 2091 1730 somniorum
2123 1680 2473 1730 venditoribus
2508 1681 2690 1746 propi·

1624 1761 1790 1804 naret.
1826 1755 1947 1804 Fub.

1689 1830 1718 1892 §
1742 1833 1805 1876 lo
1842 1829 2052 1878 Ter-tiam
2066 1829 2479 1892 interrogationem
2494 1847 2687 1895 poscen-

1626 1903 1689 1966 ti]
1725 1905 1822 1954 Est
1858 1905 1947 1970 qui
1990 1907 2157 1954 Tertia
2198 1907 2569 1969 interrogatione
2610 1909 2684 1958 le-

1624 1979 1776 2041 gend.
1814 1993 1881 2029 ex
1920 1981 2023 2030 Με.
2044 1989 2256 2032 censet·
2290 1983 2549 2046 quomodo
2570 1981 2682 2034 fere

1622 2055 1746 2105 Tac.
1770 2054 1870 2106 An.
1890 2070 1978 2106 ιιι.
1996 2061 2075 2106 16.
2094 2062 2143 2109 4.
2165 2057 2311 2108 Alius
2330 2067 2388 2108 et
2406 2061 2685 2125 sequentia

1622 2140 1793 2181 mutat
1832 2132 1935 2181 ita.
1972 2133 2135 2182 Tertia
2168 2135 2543 2196 interrogatione
2574 2151 2685 2199 pos-

1621 2208 1747 2256 centi
1775 2208 2022 2258 victor-im
2056 2211 2260 2260 omum
2298 2209 2538 2273 bellorum,
2570 2227 2682 2276 pos-

1618 2281 1867 2332 sessiouem
1888 2287 2125 2334 terrarum
2138 2286 2247 2334 duri
2260 2289 2589 2349 respondetur.
2612 2302 2681 2338 ne

1620 2356 1821 2420 phrasis
1843 2349 1946 2409 ista‘
1975 2373 2076 2408 non
2099 2357 2348 2410 offendat.
2412 2363 2429 2388 ‘
2448 2361 2683 2412 Interro-

1621 2432 1763 2495 gotio
1779 2432 1796 2456 ’
1818 2448 2039 2496 numque
2063 2450 2167 2485 non
2200 2436 2286 2486 hic
2324 2435 2562 2500 ἐρόησιι,
2582 2438 2678 2487 sed

1619 2509 1851 2574 ἐρώτημα,
1870 2511 1919 2560 Ιι.
1939 2525 1987 2560 e.
2008 2525 2113 2562 non
2134 2519 2285 2562 actus
2306 2513 2683 2578 interrogandi,

1618 2585 1711 2634 sed
1732 2593 1894 2648 caput
1914 2587 2335 2651 interrogationis
2356 2596 2454 2639 est.
2516 2589 2583 2639 Τὸ
2596 2589 2684 2652 ζη-

1616 2658 1838 2720 τούμενον
1866 2664 2097 2726 appellat
2136 2664 2293 2715 Diod.
2316 2678 2456 2714 xvu.
2480 2670 2562 2716 51.
2586 2667 2679 2717 ubi

1616 2734 1779 2786 fusius
1790 2737 1901 2788 haec
1914 2738 2207 2801 explicatur
2222 2740 2455 2790 historia.
2524 2741 2682 2792 Cete-

1614 2825 1727 2860 rum
1744 2813 2049 2863 Atticismua
2064 2822 2165 2878 est,
2178 2830 2295 2865 cum
2313 2817 2473 2868 verba
2488 2827 2681 2882 regunt

1612 2888 1935 2940 accusativos
1958 2891 2041 2940 vel
2062 2905 2169 2940 suos
2200 2893 2428 2957 originis,
2448 2901 2507 2944 ut
2538 2894 2553 2922 ‘
2572 2909 2679 2944 coe·

1614 2976 1741 3012 nare
1796 2965 2033 3028 coenam,'
2089 2967 2105 2994 ‘
2127 2981 2357 3030 pugnare
2411 2971 2676 3032 pugnam,’

1612 3037 1628 3065 ‘
1648 3039 1902 3089 somniare
1930 3041 2217 3098 somnium,'
2241 3044 2420 3094 Plaut.
2452 3049 2468 3073 ⁶
2486 3045 2673 3110 jurare

1602 3112 2000 3179 jusjurandum,'
2032 3117 2146 3167 Cic.
2182 3121 2278 3168 διο.
2309 3120 2393 3168 vel
2432 3129 2673 3184 cognata

1610 3187 1651 3236 si
1656 3187 2026 3254 gnificationis,
2039 3199 2099 3242 ut
2114 3191 2317 3242 ‘lucere
2337 3193 2541 3258 ἵκοιο]
2557 3197 2573 3224 ‘
2588 3211 2677 3247 ce-

1609 3264 1795 3312 reumz'
1828 3267 1845 3292 ‘
1869 3267 2069 3329 garrire
2094 3269 2293 3332 nugas}
2325 3270 2499 3322 Plaut.
2516 3273 2675 3337 ‘pug-

1609 3351 1735 3388 nare
1774 3343 1990 3406 praelia,’
2024 3345 2040 3372 ‘
2057 3345 2255 3407 garrire
2289 3345 2523 3410 libellos:
2560 3347 2675 3398 Ho-

1608 3423 1709 3466 rat.
1756 3417 2056 3482 ‘quiescere
2094 3419 2361 3483 romnum,'
2406 3421 2422 3450 ‘
2442 3421 2676 3472 substre-

1609 3507 1737 3556 pere
1758 3493 1955 3555 verba,'
1977 3492 2134 3557 Apul.
2196 3495 2284 3545 Sic
2306 3497 2483 3560 ἐρωτᾷν
2502 3497 2675 3561 ἐρωή-

1604 3588 1753 3632 μιιτα,
1771 3571 1823 3620 Ιι.
1844 3585 1891 3620 e.
1912 3571 2211 3634 interrogor-e
2238 3572 2305 3638 (s.
2330 3588 2447 3623 cum
2472 3575 2671 3626 Nostro

1604 3645 1814 3708 poscere)
1827 3645 2241 3710 interrogationes,
2250 3647 2387 3698 dixit
2402 3649 2607 3699 AEschin
2612 3665 2672 3702 es

1606 3721 1660 3769 iu
1696 3721 1927 3784 ctesiph.
1962 3731 2018 3770 et
2054 3722 2198 3772 Plut.
2230 3723 2284 3771 in
2322 3725 2492 3774 Colot.
2526 3725 2671 3776 Add.

1605 3796 1866 3846 vechneri
1890 3797 2216 3847 Hellenolex.
2237 3813 2291 3862 p.
2316 3803 2428 3849 154.
2464 3800 2674 3854 Berua.

1608 3869 1833 3920 Videtur
1851 3869 2053 3921 Auctor
2070 3873 2341 3937 scripsisse
2360 3875 2573 3926 Tertiam
2594 3880 2671 3928 ἐκ·

1604 3945 1970 4006 temgatiouem
2004 3949 2219 4011 ponenti,
2256 3955 2318 3997 ut
2360 3951 2474 4001 Cic.
2510 3967 2551 4002 ι.
2597 3953 2668 4005 de

1609 4020 1761 4072 Orat.
1804 4025 1887 4072 22.
1942 4024 1959 4052 ⁶
1982 4022 2117 4072 Mihi
2163 4037 2301 4074 nunc
2343 4040 2452 4090 vos,
2495 4029 2668 4094 inquit

1607 4097 1928 4159 Crassus,....
1952 4097 2397 4164 quostiunculam,
2442 4102 2511 4152 de
2560 4121 2667 4169 qua

1602 4188 1719 4227 mco
1740 4173 2017 4229 arbitratu-
2030 4176 2227 4243 loquar,
2264 4177 2454 4240 ponitis
2468 4179 2509 4230 Ρ
2578 4181 2668 4236 Id.
