3025 4842
891 435 1191 489 Jus'rmr
1240 439 1387 489 mn.
1434 440 1718 490 xxxvi.
1765 442 1927 491 on.
1969 429 2034 494 2.

357 584 460 643 ter,
478 574 735 643 quomodo
759 578 875 629 bne
909 579 1161 644 explicari
1198 578 1415 643 possint,

354 668 459 705 non
482 652 653 705 video.
674 654 899 705 Fuisse.
932 654 1065 705 Mihi
1079 655 1417 706 verosimilius

354 730 567 779 videtur
584 730 853 793 scripsisse
878 732 1017 783 Just.
1038 737 1093 782 at
1112 732 1214 793 <ies
1240 732 1415 795 portis.

354 805 676 856 Particulam
698 810 754 854 ut
774 806 965 855 litterae
983 807 1027 857 it
1058 814 1334 872 postrema
1362 808 1415 857 in

356 894 490 930 voce
510 880 661 941 jussit
686 881 1031 945 intercepere.
1061 882 1223 943 Sem.
1288 883 1417 945 Leg.

356 957 491 1019 σιῠιω
520 956 696 1019 portio.
728 956 917 1008 Faber.
984 958 1167 1008 Lectio
1197 958 1421 1009 rectissi-

354 1046 461 1094 me,
507 1039 565 1083 et
604 1032 659 1081 ln
702 1038 907 1083 textum
950 1032 1143 1098 ubique
1198 1032 1418 1084 transfe-

360 1107 547 1169 renda,
568 1108 668 1157 nisi
706 1108 855 1159 malis
876 1108 1045 1174 sequi,
1064 1109 1201 1175 quod
1224 1124 1315 1159 nos
1339 1116 1417 1159 at·

364 1181 571 1231 tulimus
593 1182 643 1231 in
667 1184 823 1234 notis.
867 1185 1033 1235 (ἔνου.

428 1258 457 1320 §
490 1261 524 1307 6
552 1258 752 1321 Jueph]
797 1258 881 1309 De
916 1266 1029 1311 toto
1064 1259 1113 1311 Ιι.
1135 1260 1172 1310 Ι.
1212 1259 1419 1311 vidend.

361 1332 514 1382 Oros.
535 1345 577 1380 ι.
600 1336 650 1382 8.
695 1333 839 1383 nera.

428 1406 587 1470 Chat]
650 1406 905 1458 Nesciunt
948 1408 1103 1460 Oros.
1167 1409 1317 1459 Frec.
1362 1416 1419 1459 et

362 1482 495 1535 Otto
516 1482 741 1548 Frising.
766 1498 805 1534 ι.
829 1484 1017 1535 chron.
1042 1488 1121 1535 14.

424 1562 454 1624 ς
484 1565 515 1609 7
554 1560 729 1623 Brevi]
792 1561 947 1611 Oros.
990 1576 1056 1611 ex
1098 1562 1230 1612 Mae.
1274 1561 1419 1613 Leid.

362 1634 680 1699 Freculpbus
712 1643 870 1701 atque
906 1636 1039 1687 Otto
1074 1637 1290 1700 Friaing.
1324 1638 1340 1666 4
1365 1639 1419 1687 in

362 1711 431 1763 b:
462 1710 583 1762 Vid.
604 1713 731 1762 Ver.
754 1713 903 1763 Lect-
926 1712 991 1763 ad
1015 1726 1186 1764 xxm.
1207 1718 1255 1763 1.
1276 1716 1353 1763 14.

427 1788 455 1851 §
488 1791 523 1837 9
552 1787 717 1837 sterit.
752 1787 854 1851 pn]
896 1788 1035 1837 Saxo
1068 1801 1190 1839 xlv.
1226 1803 1279 1851 p.
1302 1792 1416 1838 2⁷0.

362 1862 445 1911 80.
514 1860 531 1890 ‘
566 1860 793 1911 Eskillus
846 1860 1195 1913 defectionem
1248 1861 1419 1926 provi·

362 1934 524 1987 deus!

429 2014 459 2076 §
492 2018 555 2063 10
587 2013 737 2079 Dari]
780 2013 1131 2067 Desidet-atur
1158 2028 1247 2077 ap.
1268 2014 1419 2064 Frec.

361 2088 615 2141 Ottonem
638 2092 859 2157 Frisiug.
886 2098 1043 2157 atque
1072 2091 1125 2142 in
1159 2090 1419 2157 plerisque

360 2164 492 2216 Mes.
514 2165 707 2219 Orosii.

428 2242 457 2305 ς
488 2246 549 2291 11
600 2243 825 2295 Pstsraoe
862 2244 1097 2309 scientia]
1160 2245 1247 2295 Sc.
1292 2244 1421 2295 artis

358 2316 595 2381 magice.
622 2318 894 2369 Quomodo
909 2319 1047 2370 Plin.
1060 2332 1199 2369 xxx.
1217 2324 1267 2370 1.
1289 2321 1306 2347 4
1324 2320 1423 2369 Est

363 2397 423 2442 et
462 2393 565 2444 alia
602 2392 813 2457 magico
854 2394 1035 2456 factio,
1076 2409 1109 2445 a
1162 2395 1313 2445 Mose
1368 2399 1425 2445 et

360 2468 550 2520 Jamue
587 2475 646 2519 et
677 2470 887 2534 Jodspe
924 2470 1125 2521 sudrei·
1159 2468 1425 2534 pendens,’

360 2544 461 2593 dcc.
525 2544 711 2594 Mosen
732 2544 873 2594 iuter
904 2558 1079 2609 magos
1108 2550 1347 2595 numerat
1368 2552 1425 2597 et

365 2616 616 2682 Apuleius
650 2620 707 2669 in
744 2620 899 2684 Apol.
946 2621 1053 2671 Sed
1084 2620 1276 2672 Strabo
1310 2634 1425 2671 xvi.

364 2708 419 2758 p.
438 2698 555 2747 624.
586 2696 773 2747 Mosen
790 2710 891 2747 uon
911 2703 1017 2748 tam
1038 2697 1199 2749 fnisse
1220 2710 1427 2760 magum

366 2769 515 2837 dicit,
531 2786 687 2837 quam
715 2772 936 2823 oraculis
966 2772 1225 2835 deditum,
1248 2772 1425 2838 quales

366 2846 557 2909 Minos,
606 2848 893 2913 Lycurgum
945 2848 1135 2914 aliique
1183 2848 1425 2911 legumla-

364 2928 527 2988 torea,
545 2924 671 2975 item
691 2923 1055 2989 Amphiaraus,
1082 2930 1140 2974 et
1162 2924 1427 2988 Orpbeus,

364 3008 421 3055 et
440 3004 669 3055 Mutus
702 3002 861 3055 fuisse
892 3005 1155 3069 leguntur.
1219 3002 1427 3053 Indicio

364 3080 699 3132 eruditissimi
720 3081 881 3145 juata
905 3086 965 3131 et
994 3079 1179 3144 optimi
1200 3077 1335 3136 Viri,
1356 3077 1425 3127 D.

366 3156 489 3207 Nic.
522 3155 745 3220 vedelii,
768 3171 888 3207 cum
920 3169 1055 3206 anno
1086 3154 1427 3219 superiorein

364 3231 589 3283 transitu
613 3232 1003 3296 perhumaniter
1024 3231 1093 3281 ad
1112 3244 1195 3281 me
1216 3229 1429 3292 viseret,

366 3320 399 3357 e
414 3307 577 3358 Suida
587 3305 1131 3371 didici,Alexandrum
1146 3304 1429 3367 Milesium,

366 3383 673 3449 cognomine
717 3383 1072 3448 Polybiatora‚
1136 3378 1225 3445 qul
1270 3378 1429 3442 Syllo

366 3458 689 3522 temporibus
727 3458 876 3522 vixit,
914 3464 1107 3521 pra-‚ter
1138 3455 1241 3506 alia
1272 3455 1431 3517 scrip-

366 3534 497 3585 sisse
518 3533 587 3585 de
607 3535 775 3585 Roma
793 3534 951 3584 libros
968 3538 1019 3586 ὅ.
1040 3533 1095 3583 in
1112 3530 1300 3597 quibus
1318 3531 1395 3581 ait
1410 3546 1427 3580 ι

366 3617 385 3639 4
404 3610 685 3661 Hebraeam
728 3607 890 3659 fuisse
932 3609 1221 3671 mulierem,
1275 3602 1429 3656 Moso

362 3686 605 3737 nomine:
662 3701 695 3735 a
740 3698 841 3751 qua
880 3685 1177 3749 perscripta
1222 3683 1292 3733 sit
1342 3683 1429 3733 lex

365 3759 764 3815 Hebraeorumz'
796 3760 1085 3826 depravato
1121 3767 1179 3811 et
1212 3774 1341 3811 sexu
1370 3766 1429 3810 et

362 3838 575 3891 nomine
596 3838 763 3889 nostri
782 3837 1106 3901 legislatoris.
1172 3837 1259 3887 lta
1278 3852 1351 3887 sc.
1374 3837 1429 3886 in

362 3914 597 3967 tenebris
618 3912 720 3963 luis
742 3913 940 3978 aliquas
962 3919 1137 3964 tamen
1155 3914 1264 3963 veri
1282 3912 1429 3975 stric-

360 3997 511 4043 turas
532 3990 580 4041 οῖ
600 3986 685 4052 ἔξω
707 3990 965 4043 viderunt.
998 3990 1149 4039 Bes-a.

430 4071 461 4134 ς
495 4071 559 4119 12
599 4065 923 4130 Vitiliginm]
989 4064 1077 4114 Itu
1112 4077 1179 4112 ex
1218 4062 1319 4113 Me.
1360 4061 1431 4111 le·

358 4143 521 4209 gend.
542 4149 599 4195 et
621 4142 817 4195 Oresio
838 4156 878 4193 ι.
912 4144 963 4191 8.
993 4146 1049 4189 et
1085 4142 1167 4189 10.
1210 4137 1429 4201 Vitiligo

362 4218 601 4270 Aruobio
618 4224 721 4280 est,
738 4218 903 4281 lepra,
920 4220 979 4265 ut
998 4227 1085 4264 me
1106 4212 1286 4263 docuit
1306 4212 1432 4263 doc·

363 4302 537 4347 torum
560 4296 805 4361 princeps
834 4292 955 4345 διο.
978 4289 1255 4355 Cujacius:
1288 4290 1305 4319 4
1330 4289 1431 4343 Ille

2421 430 2552 496 981

1490 588 1640 631 notus
1673 581 2009 633 albicantium
2045 583 2354 648 vitiliginum
2395 600 2553 637 manu

1488 656 1698 707 admota
1719 657 1972 709 detersit!
2037 660 2108 709 Et
2139 660 2262 709 Seu.
2285 661 2354 711 N.
2373 662 2442 714 Q,
2467 677 2554 715 ιιι.

1490 734 1575 780 26.
1608 731 1908 797 vitiliginem
1933 743 2086 786 vocat
2103 736 2118 762 ‘
2135 734 2328 786 foedam
2348 752 2416 787 ex
2433 738 2554 789 albo

1490 806 1832 857 varietatem?
1867 808 2072 860 Graecia
2091 811 2254 871 λιυι-ἡ.
2287 814 2459 863 Exodi
2475 828 2555 865 xv.

1490 886 1540 931 0.
1572 889 1628 932 et
1653 882 1869 936 Numer.
1910 898 2016 935 xn-
2050 890 2130 937 2⁰.
2179 888 2328 952 lepra
2363 888 2556 939 dicitur

1491 960 1720 1011 caudens
1744 962 1858 1011 ὦσε)
1883 962 2016 1025 χιόν.
2083 966 2218 1016 Hoec
2238 966 2426 1031 debeo,
2456 983 2556 1019 sm-

1494 1036 1610 1098 pius
1645 1051 1679 1087 ι
1711 1052 1794 1087 me
1834 1048 2252 1105 commemorato,
2293 1056 2554 1107 nunquam

1492 1116 1666 1161 tamen
1709 1114 1836 1163 satia
1879 1114 2090 1165 laudato
2146 1116 2351 1168 doctori
2401 1132 2516 1169 meo
2536 1133 2558 1179 ς·

1492 1188 1642 1251 cnjus
1661 1187 1730 1239 de
1751 1190 2070 1241 humanitate
2089 1199 2144 1242 et
2159 1191 2392 1243 doctrine
2411 1208 2558 1245 num-

1494 1277 1646 1327 quam
1679 1265 1947 1329 qnisquam
1977 1267 2051 1315 ita
2081 1268 2354 1333 magnifice
2392 1269 2556 1333 dicet,

1492 1340 1618 1402 quin
1653 1339 1704 1389 id
1737 1341 1902 1389 virtus
1937 1342 2052 1405 ejus
2083 1349 2385 1407 exsuperet.
2451 1344 2556 1393 Sed

1492 1414 1760 1463 clarissimi
1781 1416 1878 1465 viri
1900 1416 2080 1479 gloriae
2099 1431 2266 1482 neque
2282 1431 2400 1467 meu
2421 1433 2556 1482 με·

1492 1489 1754 1540 dicatione
1774 1492 2026 1541 accedere
2047 1494 2328 1557 quidquam
2347 1501 2518 1558 potest
2539 1511 2556 1543 ι

1492 1578 1662 1629 neque
1701 1566 2060 1615 tenebrionum
2101 1568 2422 1632 quorundam
2465 1568 2558 1617 ob·

1494 1640 1806 1689 trectatione
1829 1640 2106 1691 decedere.
2142 1642 2278 1692 Illuc
2302 1647 2556 1691 revertor.

1492 1712 1818 1776 vitiliginem
1837 1715 1970 1765 hanc
1987 1715 2118 1765 Tac.
2139 1717 2206 1765 H.
2233 1732 2286 1767 v.
2307 1721 2356 1765 8.
2381 1718 2558 1773 tabem

1493 1795 1667 1848 vocat,
1721 1804 1835 1853 quae
1889 1804 2110 1853 corpora
2163 1789 2406 1843 foedaret.
2472 1793 2556 1842 De

1492 1864 1644 1913 Mose
1700 1864 1855 1915 aliter
1907 1864 2083 1915 strab.
2140 1879 2260 1917 xvi.
2311 1868 2554 1929 Bonam.

1492 1938 1666 1987 Etiam
1690 1940 1820 1989 Mas.
1865 1942 2028 1989 nostri
2070 1940 2268 1991 habeut
2308 1942 2554 2003 uliginem.

1494 2012 1771 2063 Turnebus
1795 2020 1990 2076 temen,
2011 2028 2224 2080 magnus
2247 2016 2334 2065 ille
2369 2016 2556 2067 Gallim

1494 2089 1592 2149 sol,
1629 2088 1832 2139 scabiem
1874 2095 1924 2139 et
1960 2091 2256 2153 pruriginem
2297 2091 2561 2154 probavit.

1494 2162 1512 2191 4
1533 2164 1631 2213 Eat
1665 2163 1840 2227 enim,'
1875 2164 1951 2215 ait
1984 2180 2052 2215 ex
2092 2166 2292 2217 Isidoro
2329 2167 2556 2230 Etymol.

1494 2253 1575 2293 tv.
1589 2244 1638 2291 8.
1658 2241 1674 2269 4
1691 2241 1900 2305 prurigo
1925 2248 2112 2293 vocata
2132 2257 2165 2292 a
2186 2243 2478 2307 perurendo
2499 2248 2560 2293 et

1496 2317 1766 2379 ardendo‚'
1796 2318 2172 2384 legendumque
2195 2326 2377 2370 censet
2399 2318 2558 2369 etiem

1498 2408 1584 2458 ap.
1603 2394 1729 2445 δην.
1760 2394 1777 2421 4
1801 2393 1968 2443 Unius
1987 2393 2160 2443 scabie
2181 2393 2323 2445 cadit
2351 2399 2408 2443 et
2435 2406 2560 2457 pru·

1497 2470 1660 2534 rigine
1683 2470 1877 2543 porciz’
1911 2484 2030 2521 nam
2059 2470 2272 2534 porrigo,
2293 2484 2445 2535 quam
2472 2482 2558 2519 vo-

1498 2560 1614 2595 cem
1659 2546 1817 2595 etiam
1859 2545 1910 2595 b.
1948 2546 1985 2597 1.
2031 2546 2238 2609 quidam
2283 2550 2562 2609 reponunt,

1498 2621 1689 2685 capitis
1711 2620 1918 2671 videtur
1950 2622 2157 2672 morbus
2193 2636 2328 2685 esse,
2351 2621 2561 2674 furfuri-

1500 2697 1594 2747 bus
1630 2704 1686 2747 et
1721 2694 1890 2747 farina
1921 2695 2144 2761 quadam
2171 2697 2344 2747 obsiti.
2410 2698 2562 2749 Sere·

1498 2788 1596 2823 nus
1617 2776 1666 2821 8.
1701 2773 1716 2801 ‘
1741 2772 1872 2821 Cum
1905 2778 2066 2833 caput
2095 2772 2344 2823 immensu
2365 2786 2558 2835 pexum

1498 2846 1757 2913 porrigine
1777 2844 1978 2909 ningit?
2043 2845 2114 2895 Et
2135 2844 2304 2895 Lucil.
2327 2859 2416 2909 ap.
2450 2847 2562 2897 No·

1498 2923 1636 2974 nium
1656 2938 1671 2971 z
1691 2922 1708 2950 ‘
1726 2921 1952 2971 Tristem
1971 2925 2028 2969 et
2050 2924 2350 2981 corruptum
2370 2919 2564 2983 scabie,

1498 3004 1558 3049 et
1578 2995 1849 3061 porriginia
1879 2994 2123 3059 plenum?
2159 2994 2366 3045 Medius.
2419 2994 2561 3045 Plio.

1501 3087 1664 3126 xxxi.
1686 3078 1734 3125 Β.
1770 3087 1836 3123 ex
1867 3072 2100 3121 Varrone
2135 3075 2335 3133 narrat,
2367 3069 2562 3123 ‘litium

1500 3148 1776 3215 quendam,
1817 3152 2048 3211 pru-tura
2084 3144 2342 3208 funcmm,
2390 3146 2408 3175 4
2427 3158 2564 3196 mar·

1500 3226 1664 3277 morel
1687 3225 1822 3288 sigui
1851 3224 2038 3275 faciem
2067 3222 2310 3273 babuisse
2343 3228 2566 3287 propter

1500 3299 1845 3365 vitiliginem-⁹
1907 3300 2014 3363 Ap.
2046 3298 2292 3349 Photium
2313 3297 2561 3350 Biblioth.

1500 3382 1617 3429 2⁷9.
1652 3382 1878 3441 nugatur
1899 3374 2189 3438 Helladiua,
2213 3374 2416 3425 Morem
2437 3374 2454 3403 4
2473 3372 2566 3425 ΑΙ-

1502 3453 1608 3517 pba
1623 3451 1638 3475 ’
1681 3451 1876 3515 vocari,
1914 3450 2051 3515 quod
2092 3463 2282 3513 corpus
2324 3449 2564 3501 babuerit

1502 3528 1688 3591 noun,
1707 3526 1744 3578 i.
1766 3541 1816 3577 e.
1851 3524 2108 3588 vitissgine
2140 3523 2474 3575 distinctum:
2509 3527 2570 3573 et

1503 3605 1570 3655 ad
1591 3602 1918 3654 mendacium
1952 3599 2221 3649 Philonem
2257 3605 2444 3648 testem
2475 3597 2566 3646 ad-

1502 3680 1664 3731 hibet.
1730 3677 1977 3728 Ceterum
2008 3674 2138 3725 Adr.
2167 3672 2436 3722 Turnebus
2457 3670 2568 3721 Ad-

1504 3770 1642 3808 vera.
1677 3768 1799 3805 xxv.
1839 3756 1920 3803 17.
1974 3748 2200 3801 adstruit
2240 3749 2566 3810 vulgaturum

1504 3830 1627 3884 edd.
1675 3831 2004 3895 scripturam,
2039 3824 2356 3889 pruriginem,
2411 3838 2566 3888 quem

1503 3912 1611 3963 vid.
1646 3908 1858 3959 Modius
1879 3898 1932 3955 in
1951 3903 2292 3956 Fuldensibus
2307 3914 2420 3953 esse
2435 3900 2568 3952 dicit

1485 3986 1746 4049 uliginem.
1812 3982 1916 4033 Sed
1935 3980 2076 4031 baud
2107 3978 2264 4029 dubie
2293 3976 2568 4041 Bougarsil

1504 4060 1764 4113 correctio
1783 4056 2074 4117 numen·
2103 4060 2186 4103 est
2219 4052 2386 4103 bona.
2419 4058 2568 4103 certe

1507 4136 1680 4201 Lipsio
1696 4135 1826 4187 Not.
1845 4136 1897 4183 4.
1919 4129 1986 4181 ad
2009 4144 2064 4181 v.
2086 4129 2158 4179 H.
2175 4130 2302 4180 Tac.
2327 4128 2567 4193 probata.

1506 4211 1698 4338 Beg-
1723 4280 1926 4335 ambien-
1955 4282 2004 4331 οἱ
2038 4278 2324 4343 vitiliginem
2349 4284 2570 4343 pateres·
