3025 4842
519 348 696 417 10⁷8
801 362 1112 415 contens
1159 362 1250 413 nr
1291 358 1669 412 Blnmo'rn.
1718 358 1966 412 amr-r.
2002 358 2454 413 -Assmth‘rr,

517 514 656 594 θεὶς
699 510 893 597 cujus
929 508 1279 603 industrias⁴
1301 504 1701 591 Gatalogum
1736 504 1949 573 etiam
1984 502 2295 569 codicum
2338 502 2735 571 clarkiano·

519 632 668 679 rum
695 612 1040 678 debemus.
2602 674 2617 681 ,

511 726 520 733 “
605 711 688 780 In
717 712 1040 778 Biblioth.
1080 706 1271 795 corp.
1314 705 1549 775 Clari-st.
1584 706 1748 774 coll.
1785 708 1981 775 Mss.·
2007 708 2399 789 abundanti,-
2429 714 2536 775 est
2560 707 2608 773 J
2612 728 2736 774 us-

514 814 644 881 tini
671 814 986 899 Epitome
1007 811 1458 879 Historiarum
1483 813 1687 897 Trogi
1717 812 2052 897 Pompeii,
2078 813 2215 876 etto.
2236 811 2393 879 cod.
2420 814 2733 897 pulcher-

516 917 744 994 rimus,
769 916 1128 982 membran.
1188 914 1555 980 Sub·initio
1580 937 1598 982 ε
1628 920 1651 950 ‘
1678 916 2023 1001 Incipiunt
2047 913 2339 980 Cronica
2366 913 2414 979 J
2418 914 2625 979 ustini
2656 915 2733 981 in

513 1012 1154 1084 Abbreviationibus
1181 1016 1388 1101 Trogi
1418 1015 1773 1103 Pompeii-⁹
2136 1006 2142 1015 '

603 1118 688 1182 In
707 1118 1032 1184 Biblioth.
1055 1114 1296 1203 Colleg.
1319 1116 1482 1183 Nov.
1511 1119 1860 1202 pretiosos,
1877 1118 2204 1203 quosdam
2228 1118 2405 1183 Mss.
2432 1124 2732 1196 tenente,

511 1216 722 1303 Trogi
777 1216 1094 1304 Pompeii
1165 1217 1478 1303 Epitome
1552 1218 2023 1301 Historiarum,
2090 1220 2435 1285 continens
2488 1218 2731 1284 Libros

511 1334 654 1387 ‘xm
667 1338 731 1386 v.
2295 1338 2300 1343 ·

1195 1490 1450 1559 Codices
1481 1489 2047 1581 Cantabrigz'emes.

601 1625 684 1694 In
716 1627 1033 1697 Biblioth.
1079 1622 1354 1693 Publica
1391 1624 1487 1695 N.
1516 1628 1711 1697 2375.
1740 1628 1892 1696 cod.
1922 1628 2041 1715 qui
2067 1628 2363 1694 continet
2390 1626 2565 1693 inter
2590 1629 2730 1695 alia

519 1728 708 1815 (Art.
752 1729 898 1816 14.)
949 1730 1246 1813 Trogum
1291 1730 1697 1815 Pompeium
1748 1750 1947 1816 quem
1990 1730 2351 1814 exscripsit
2385 1728 2434 1795 J
2436 1734 2722 1798 ustinus.

511 1830 770 1899 Versus
796 1834 1303 1918 qualiscumque
1348 1834 1416 1899 in
1464 1833 1799 1916 principio
1846 1831 2039 1897 libri:

685 1940 708 1969 ‘
739 1934 820 1999 In
853 1936 1062 2019 Trogi
1091 1936 1391 2019 sequitur
1413 1934 1671 2001 Justini
1702 1934 2072 2019 Epithoma
2101 1932 2451 1999 Libellus!

521 2054 528 2059 ·
600 2036 684 2099 In
715 2034 1034 2101 Biblioth.
1087 2032 1277 2101 ,Tr-im
1319 2032 1484 2101 coll.
1536 2036 1681 2102 cod.
1730 2040 2133 2113 asservatur,
2176 2038 2317 2119 qui,
2344 2056 2502 2101 cum
2546 2038 2723 2117 aliis,

511 2136 816 2201 continet
869 2136 1243 2201 Historiam
1301 2138 1675 2217 Ptolemaei,
1723 2156 1879 2223 quae
1926 2138 2186 2204 videtur
2242 2158 2393 2204 esse
2460 2138 2723 2205 Justiai

507 2226 1366 2304 Abbreviatio.'Membran.
1395 2256 1559 2303 saec.
1587 2254 1762 2303 xm.

1318 2404 1529 2472 Codes:
1560 2404 1911 2477 Edinensis.

595 2538 681 2603 In
716 2538 1035 2605 Biblioth.
1065 2536 1607 2623 'Advocatorum,
1638 2540 1971 2611 Iustinus·
1996 2544 2435 2612 Hister-icus:
2484 2546 2715 2613 Histo-

507 2640 760 2705 riarum
788 2638 1323 2726 Philippicarum
1348 2662 1437 2707 ex
1462 2642 1684 2729 Trogo
1714 2644 2054 2732 Pompeio
2086 2648 2273 2713 Libri
2302 2665 2521 2713 κων.
2552 2651 2715 2717 Cod.

511 2740 648 2805 Ms.
676 2741 813 2806 4to.
859 2764 868 2771 ⁴
903 2740 1068 2823 Hic,
1094 2742 1165 2805 ni
1185 2742 1500 2822 fallimur,
1528 2764 1700 2810 unus
1731 2752 1841 2810 est
1865 2767 1957 2812 ex
1982 2750 2213 2815 multis
2243 2752 2328 2815 iis
2356 2754 2713 2819 codicibus

508 2862 680 2927 quos
731 2842 1000 2927 collegit
1045 2844 1164 2909 vir·
1193 2846 1377 2928 apud
1423 2846 1665 2913 Scotos
1692 2847 1846 2932 jure
1896 2850 2377 2933 celeberrimuS,
2405 2856 2715 2922 Jacobus

507 2943 811 3113 ῗέὥοιιῐ,
831 2945 1068 3113 {laton
1094 2946 1182 3012 de
1211 2946 1565 3015 Kinnaird.
1618 2950 1942 3017 Memoria
1986 2952 2447 3037 Balfouriaua,
2477 2958 2711 3024 Edinb.

687 3092 703 3111 .
732 3066 804 3132 p‘.
921 3093 937 3110 .
1031 3076 1040 3085 -

535 3476 542 3481 ·
595 3440 702 3505 De
733 3438 1108 3510 Codicibus
1137 3448 1206 3511 in
1233 3450 1483 3514 exteris
1515 3450 1968 3519 Bibliothecis
1996 3458 2367 3523 asservatis
2396 3458 2703 3524 consulat

505 3546 716 3613 lector
745 3544 1070 3615 Gronovii
1106 3548 1313 3617 Praef.
1357 3572 1561 3637 supra
1586 3576 1656 3639 p.
1684 3556 1749 3621 3.
1778 3576 1928 3640 sqq.
