<?xml version="1.0" encoding="UTF-8"?>
<!DOCTYPE html PUBLIC "-//W3C//DTD XHTML 1.0 Transitional//EN"
    "http://www.w3.org/TR/xhtml1/DTD/xhtml1-transitional.dtd">
<html xmlns="http://www.w3.org/1999/xhtml" xml:lang="en" lang="en">
 <head>
  <title>
</title>
<meta http-equiv="Content-Type" content="text/html;charset=utf-8" />
  <meta name='ocr-system' content='tesseract 3.04.00' />
  <meta name='ocr-capabilities' content='ocr_page ocr_carea ocr_par ocr_line ocrx_word'/>
</head>
<body>
  <div class='ocr_page' id='page_1' title='image "./justinihistoria00unkngoog_0469.png"; bbox 0 0 3025 4842; ppageno 0'>
   <div class='ocr_carea' id='block_1_1' title="bbox 504 305 2176 373">
    <p class='ocr_par' dir='ltr' id='par_1_1' title="bbox 504 305 2176 373">
     <span class='ocr_line' id='line_1_1' title="bbox 504 305 2176 373; baseline -0.001 -2"><span class='ocrx_word' id='word_1_1' title='bbox 504 305 679 373; x_wconf 82' lang='grc'><strong>1066</strong></span> <span class='ocrx_word' id='word_1_2' title='bbox 939 322 1329 373; x_wconf 61' lang='lat' dir='ltr'>rimetusus</span> <span class='ocrx_word' id='word_1_3' title='bbox 1379 320 1800 371; x_wconf 66' lang='lat' dir='ltr'>ammonuit</span> <span class='ocrx_word' id='word_1_4' title='bbox 1848 319 2176 371; x_wconf 73' lang='lat' dir='ltr'>mermi.</span> 
     </span>
    </p>
   </div>
   <div class='ocr_carea' id='block_1_2' title="bbox 503 470 2727 2637">
    <p class='ocr_par' dir='ltr' id='par_1_2' title="bbox 503 470 2711 1411">
     <span class='ocr_line' id='line_1_2' title="bbox 509 470 2707 551; baseline 0 -18"><span class='ocrx_word' id='word_1_5' title='bbox 509 473 776 545; x_wconf 76' lang='lat' dir='ltr'>muitum,</span> <span class='ocrx_word' id='word_1_6' title='bbox 829 492 966 533; x_wconf 85' lang='lat' dir='ltr'>cum</span> <span class='ocrx_word' id='word_1_7' title='bbox 994 473 1054 531; x_wconf 85' lang='lat' dir='ltr'>in</span> <span class='ocrx_word' id='word_1_8' title='bbox 1081 492 1158 533; x_wconf 78' lang='lat' dir='ltr'>en</span> <span class='ocrx_word' id='word_1_9' title='bbox 1181 471 1517 551; x_wconf 81' lang='lat' dir='ltr'>diligentius</span> <span class='ocrx_word' id='word_1_10' title='bbox 1546 470 1905 549; x_wconf 72' lang='lat' dir='ltr'>praestiterit,</span> <span class='ocrx_word' id='word_1_11' title='bbox 1925 472 2153 549; x_wconf 72' lang='lat' dir='ltr'>qurein</span> <span class='ocrx_word' id='word_1_12' title='bbox 2180 470 2281 530; x_wconf 81' lang='lat' dir='ltr'>ina</span> <span class='ocrx_word' id='word_1_13' title='bbox 2308 470 2707 551; x_wconf 73' lang='lat' dir='ltr'>negligentius</span> 
     </span>
     <span class='ocr_line' id='line_1_3' title="bbox 507 566 2711 651; baseline -0.001 -22"><span class='ocrx_word' id='word_1_14' title='bbox 507 577 728 651; x_wconf 71' lang='lat' dir='ltr'>egerat.</span> <span class='ocrx_word' id='word_1_15' title='bbox 775 567 1112 629; x_wconf 77' lang='lat' dir='ltr'>Praefutioni</span> <span class='ocrx_word' id='word_1_16' title='bbox 1136 587 1262 627; x_wconf 75' lang='lat' dir='ltr'>suae</span> <span class='ocrx_word' id='word_1_17' title='bbox 1303 568 1484 646; x_wconf 82' lang='lat' dir='ltr'>priori</span> <span class='ocrx_word' id='word_1_18' title='bbox 1527 567 1763 628; x_wconf 75' lang='lat' dir='ltr'>addidit</span> <span class='ocrx_word' id='word_1_19' title='bbox 1801 568 2170 639; x_wconf 75' lang='lat' dir='ltr'><strong>curatiorem,</strong></span> <span class='ocrx_word' id='word_1_20' title='bbox 2214 576 2275 627; x_wconf 80' lang='lat' dir='ltr'>et</span> <span class='ocrx_word' id='word_1_21' title='bbox 2322 566 2520 627; x_wconf 84' lang='lat' dir='ltr'>Codd.</span> <span class='ocrx_word' id='word_1_22' title='bbox 2570 572 2711 645; x_wconf 87' lang='lat' dir='ltr'>(v1.</span> 
     </span>
     <span class='ocr_line' id='line_1_4' title="bbox 509 662 2709 743; baseline -0 -18"><span class='ocrx_word' id='word_1_23' title='bbox 509 662 1008 743; x_wconf 78' lang='lat' dir='ltr'>Lugdunensium,</span> <span class='ocrx_word' id='word_1_24' title='bbox 1060 679 1128 721; x_wconf 85' lang='lat' dir='ltr'>v.</span> <span class='ocrx_word' id='word_1_25' title='bbox 1182 662 1666 741; x_wconf 76' lang='lat' dir='ltr'>Angiicanorum,</span> <span class='ocrx_word' id='word_1_26' title='bbox 1703 672 1767 723; x_wconf 88' lang='lat' dir='ltr'>et</span> <span class='ocrx_word' id='word_1_27' title='bbox 1806 664 1981 723; x_wconf 85' lang='lat' dir='ltr'>trium</span> <span class='ocrx_word' id='word_1_28' title='bbox 2024 662 2394 736; x_wconf 74' lang='lat' dir='ltr'>Italicorum)</span> <span class='ocrx_word' id='word_1_29' title='bbox 2447 672 2511 723; x_wconf 88' lang='lat' dir='ltr'>et</span> <span class='ocrx_word' id='word_1_30' title='bbox 2552 673 2709 725; x_wconf 73' lang='lat' dir='ltr'>vett.</span> 
     </span>
     <span class='ocr_line' id='line_1_5' title="bbox 503 758 2711 838; baseline 0.001 -19"><span class='ocrx_word' id='word_1_31' title='bbox 503 758 652 819; x_wconf 80' lang='lat' dir='ltr'>edd.</span> <span class='ocrx_word' id='word_1_32' title='bbox 707 758 1194 838; x_wconf 72' lang='lat' dir='ltr'>descriptionem:</span> <span class='ocrx_word' id='word_1_33' title='bbox 1249 770 1376 817; x_wconf 85' lang='lat' dir='ltr'>tum</span> <span class='ocrx_word' id='word_1_34' title='bbox 1426 767 1647 837; x_wconf 63' lang='lat' dir='ltr'>prater</span> <span class='ocrx_word' id='word_1_35' title='bbox 1699 758 2072 819; x_wconf 76' lang='lat' dir='ltr'>Graevianam</span> <span class='ocrx_word' id='word_1_36' title='bbox 2120 767 2185 818; x_wconf 88' lang='lat' dir='ltr'>et</span> <span class='ocrx_word' id='word_1_37' title='bbox 2238 758 2711 821; x_wconf 71' lang='lat' dir='ltr'>Schefferitmn</span> 
     </span>
     <span class='ocr_line' id='line_1_6' title="bbox 510 853 2707 933; baseline -0 -19"><span class='ocrx_word' id='word_1_38' title='bbox 510 853 684 933; x_wconf 79' lang='lat' dir='ltr'>praef.</span> <span class='ocrx_word' id='word_1_39' title='bbox 715 853 890 913; x_wconf 75' lang='lat' dir='ltr'>etiam</span> <span class='ocrx_word' id='word_1_40' title='bbox 951 854 1082 913; x_wconf 75' lang='lat' dir='ltr'>ilias</span> <span class='ocrx_word' id='word_1_41' title='bbox 1131 853 1432 925; x_wconf 80' lang='lat' dir='ltr'>Gisrenni,</span> <span class='ocrx_word' id='word_1_42' title='bbox 1479 856 1806 933; x_wconf 80' lang='lat' dir='ltr'>Bongsrsii,</span> <span class='ocrx_word' id='word_1_43' title='bbox 1861 854 2070 925; x_wconf 87' lang='lat' dir='ltr'>Modii,</span> <span class='ocrx_word' id='word_1_44' title='bbox 2120 855 2494 925; x_wconf 85' lang='lat' dir='ltr'>Beruecceri‚</span> <span class='ocrx_word' id='word_1_45' title='bbox 2540 856 2707 913; x_wconf 85' lang='lat' dir='ltr'>Box-</span> 
     </span>
     <span class='ocr_line' id='line_1_7' title="bbox 515 948 2709 1028; baseline 0 -19"><span class='ocrx_word' id='word_1_46' title='bbox 515 950 726 1022; x_wconf 85' lang='lat' dir='ltr'>hornii,</span> <span class='ocrx_word' id='word_1_47' title='bbox 757 948 970 1022; x_wconf 81' lang='lat' dir='ltr'>Vossii,</span> <span class='ocrx_word' id='word_1_48' title='bbox 1013 949 1208 1021; x_wconf 78' lang='lat' dir='ltr'>Fabri,</span> <span class='ocrx_word' id='word_1_49' title='bbox 1249 950 1495 1023; x_wconf 75' lang='lat' dir='ltr'>vorstii,</span> <span class='ocrx_word' id='word_1_50' title='bbox 1530 961 1591 1011; x_wconf 89' lang='lat' dir='ltr'>et</span> <span class='ocrx_word' id='word_1_51' title='bbox 1616 950 1717 1011; x_wconf 87' lang='lat' dir='ltr'>ed.</span> <span class='ocrx_word' id='word_1_52' title='bbox 1744 952 1943 1010; x_wconf 80' lang='lat' dir='ltr'>Oxou.</span> <span class='ocrx_word' id='word_1_53' title='bbox 1977 950 2155 1011; x_wconf 77' lang='grc'><strong>1684.</strong></span> <span class='ocrx_word' id='word_1_54' title='bbox 2196 949 2480 1028; x_wconf 83' lang='lat' dir='ltr'>subjecit.</span> <span class='ocrx_word' id='word_1_55' title='bbox 2526 950 2709 1009; x_wconf 83' lang='lat' dir='ltr'>Com·</span> 
     </span>
     <span class='ocr_line' id='line_1_8' title="bbox 512 1044 2709 1124; baseline -0 -20"><span class='ocrx_word' id='word_1_56' title='bbox 512 1046 812 1105; x_wconf 73' lang='lat' dir='ltr'>mentoriis</span> <span class='ocrx_word' id='word_1_57' title='bbox 837 1045 1126 1123; x_wconf 80' lang='lat' dir='ltr'>prioribus</span> <span class='ocrx_word' id='word_1_58' title='bbox 1174 1064 1474 1106; x_wconf 75' lang='lat' dir='ltr'>accessere</span> <span class='ocrx_word' id='word_1_59' title='bbox 1516 1046 1699 1105; x_wconf 87' lang='lat' dir='ltr'>Henr.</span> <span class='ocrx_word' id='word_1_60' title='bbox 1728 1044 2005 1119; x_wconf 78' lang='lat' dir='ltr'>Glareaui</span> <span class='ocrx_word' id='word_1_61' title='bbox 2046 1053 2207 1103; x_wconf 76' lang='lat' dir='ltr'>notoe</span> <span class='ocrx_word' id='word_1_62' title='bbox 2230 1054 2549 1124; x_wconf 61' lang='lat' dir='ltr'>excerpta.</span> <span class='ocrx_word' id='word_1_63' title='bbox 2600 1044 2709 1123; x_wconf 87' lang='lat' dir='ltr'>lp·</span> 
     </span>
     <span class='ocr_line' id='line_1_9' title="bbox 515 1139 2711 1221; baseline 0.001 -22"><span class='ocrx_word' id='word_1_64' title='bbox 515 1140 637 1199; x_wconf 82' lang='lat' dir='ltr'>sius</span> <span class='ocrx_word' id='word_1_65' title='bbox 663 1139 905 1201; x_wconf 83' lang='lat' dir='ltr'>editoris</span> <span class='ocrx_word' id='word_1_66' title='bbox 947 1151 1146 1203; x_wconf 78' lang='lat' dir='ltr'>nutem</span> <span class='ocrx_word' id='word_1_67' title='bbox 1187 1160 1346 1202; x_wconf 80' lang='lat' dir='ltr'>curoe</span> <span class='ocrx_word' id='word_1_68' title='bbox 1391 1142 1648 1221; x_wconf 58' lang='lat' dir='ltr'>propriu</span> <span class='ocrx_word' id='word_1_69' title='bbox 1694 1141 1867 1221; x_wconf 81' lang='lat' dir='ltr'>louge</span> <span class='ocrx_word' id='word_1_70' title='bbox 1910 1140 2201 1201; x_wconf 76' lang='lat' dir='ltr'>auctiores</span> <span class='ocrx_word' id='word_1_71' title='bbox 2233 1159 2343 1219; x_wconf 88' lang='lat' dir='ltr'>pro</span> <span class='ocrx_word' id='word_1_72' title='bbox 2384 1150 2561 1201; x_wconf 74' lang='lat' dir='ltr'>aetate</span> <span class='ocrx_word' id='word_1_73' title='bbox 2600 1141 2711 1201; x_wconf 77' lang='lat' dir='ltr'>viri</span> 
     </span>
     <span class='ocr_line' id='line_1_10' title="bbox 516 1234 2711 1321; baseline 0.001 -28"><span class='ocrx_word' id='word_1_74' title='bbox 516 1246 579 1294; x_wconf 89' lang='lat' dir='ltr'>et</span> <span class='ocrx_word' id='word_1_75' title='bbox 604 1236 987 1314; x_wconf 72' lang='lat' dir='ltr'>amplioribus</span> <span class='ocrx_word' id='word_1_76' title='bbox 1011 1236 1299 1297; x_wconf 78' lang='lat' dir='ltr'>doctrinae</span> <span class='ocrx_word' id='word_1_77' title='bbox 1325 1235 1746 1309; x_wconf 74' lang='lat' dir='ltr'>instrumentis,</span> <span class='ocrx_word' id='word_1_78' title='bbox 1793 1236 2010 1315; x_wconf 85' lang='lat' dir='ltr'>quibus</span> <span class='ocrx_word' id='word_1_79' title='bbox 2048 1234 2295 1321; x_wconf 78' lang='lat' dir='ltr'>adjutus</span> <span class='ocrx_word' id='word_1_80' title='bbox 2322 1235 2457 1297; x_wconf 87' lang='lat' dir='ltr'>fuit.</span> <span class='ocrx_word' id='word_1_81' title='bbox 2516 1235 2711 1295; x_wconf 82' lang='lat' dir='ltr'>Index</span> 
     </span>
     <span class='ocr_line' id='line_1_11' title="bbox 520 1332 1701 1411; baseline 0.001 -22"><span class='ocrx_word' id='word_1_82' title='bbox 520 1348 760 1409; x_wconf 86' lang='lat' dir='ltr'>quoque</span> <span class='ocrx_word' id='word_1_83' title='bbox 782 1332 948 1393; x_wconf 80' lang='lat' dir='ltr'>novis</span> <span class='ocrx_word' id='word_1_84' title='bbox 972 1332 1128 1392; x_wconf 87' lang='lat' dir='ltr'>curis</span> <span class='ocrx_word' id='word_1_85' title='bbox 1153 1332 1468 1411; x_wconf 79' lang='lat' dir='ltr'>perfectior</span> <span class='ocrx_word' id='word_1_86' title='bbox 1494 1332 1701 1391; x_wconf 80' lang='lat' dir='ltr'>evasit.</span> 
     </span>
    </p>

    <p class='ocr_par' dir='ltr' id='par_1_3' title="bbox 509 1424 2727 1889">
     <span class='ocr_line' id='line_1_12' title="bbox 599 1424 2716 1505; baseline 0 -21"><span class='ocrx_word' id='word_1_87' title='bbox 599 1460 682 1471; x_wconf 89' lang='lat'>--</span> <span class='ocrx_word' id='word_1_88' title='bbox 699 1426 947 1486; x_wconf 80' lang='lat' dir='ltr'>Parisiis.</span> <span class='ocrx_word' id='word_1_89' title='bbox 976 1426 1068 1487; x_wconf 86' lang='lat'>16.</span> <span class='ocrx_word' id='word_1_90' title='bbox 1086 1427 1120 1486; x_wconf 86' lang='lat' dir='ltr'>J</span> <span class='ocrx_word' id='word_1_91' title='bbox 1127 1426 1300 1486; x_wconf 85' lang='lat' dir='ltr'>ustini</span> <span class='ocrx_word' id='word_1_92' title='bbox 1315 1425 1708 1486; x_wconf 67' lang='lat' dir='ltr'>Historiarum</span> <span class='ocrx_word' id='word_1_93' title='bbox 1725 1444 1797 1485; x_wconf 83' lang='lat' dir='ltr'>ex</span> <span class='ocrx_word' id='word_1_94' title='bbox 1816 1424 2021 1505; x_wconf 82' lang='lat' dir='ltr'>Trogo</span> <span class='ocrx_word' id='word_1_95' title='bbox 2036 1424 2314 1503; x_wconf 85' lang='lat' dir='ltr'>Pompeio</span> <span class='ocrx_word' id='word_1_96' title='bbox 2336 1426 2499 1486; x_wconf 80' lang='lat' dir='ltr'>Libri</span> <span class='ocrx_word' id='word_1_97' title='bbox 2516 1442 2716 1485; x_wconf 79' lang='lat' dir='ltr'>xuv.</span> 
     </span>
     <span class='ocr_line' id='line_1_13' title="bbox 521 1521 2721 1601; baseline 0.001 -20"><span class='ocrx_word' id='word_1_98' title='bbox 521 1522 674 1581; x_wconf 89' lang='lat' dir='ltr'>Cum</span> <span class='ocrx_word' id='word_1_99' title='bbox 693 1522 957 1600; x_wconf 83' lang='lat' dir='ltr'>Prologis</span> <span class='ocrx_word' id='word_1_100' title='bbox 977 1523 1058 1582; x_wconf 81' lang='lat' dir='ltr'>ab</span> <span class='ocrx_word' id='word_1_101' title='bbox 1082 1522 1480 1583; x_wconf 84' lang='lat' dir='ltr'>eruditissimo</span> <span class='ocrx_word' id='word_1_102' title='bbox 1501 1522 1739 1583; x_wconf 79' lang='lat' dir='ltr'>Abbate</span> <span class='ocrx_word' id='word_1_103' title='bbox 1754 1521 1831 1581; x_wconf 88' lang='lat' dir='ltr'>de</span> <span class='ocrx_word' id='word_1_104' title='bbox 1851 1522 2201 1601; x_wconf 69' lang='lat' dir='ltr'>Longus-rue</span> <span class='ocrx_word' id='word_1_105' title='bbox 2227 1523 2551 1582; x_wconf 82' lang='lat' dir='ltr'>emendatis</span> <span class='ocrx_word' id='word_1_106' title='bbox 2585 1524 2721 1583; x_wconf 83' lang='lat' dir='ltr'>No·</span> 
     </span>
     <span class='ocr_line' id='line_1_14' title="bbox 523 1615 2727 1696; baseline 0.002 -21"><span class='ocrx_word' id='word_1_107' title='bbox 523 1615 1045 1693; x_wconf 77' lang='lat' dir='ltr'>tisqueillustratis.</span> <span class='ocrx_word' id='word_1_108' title='bbox 1085 1618 1284 1677; x_wconf 86' lang='lat' dir='ltr'>Editio</span> <span class='ocrx_word' id='word_1_109' title='bbox 1312 1618 1643 1689; x_wconf 80' lang='lat' dir='ltr'>novissima,</span> <span class='ocrx_word' id='word_1_110' title='bbox 1668 1619 1746 1677; x_wconf 78' lang='lat' dir='ltr'>ab</span> <span class='ocrx_word' id='word_1_111' title='bbox 1772 1618 1929 1677; x_wconf 88' lang='lat' dir='ltr'>omni</span> <span class='ocrx_word' id='word_1_112' title='bbox 1954 1618 2349 1679; x_wconf 73' lang='lat' dir='ltr'>obscoenitate</span> <span class='ocrx_word' id='word_1_113' title='bbox 2386 1630 2727 1696; x_wconf 72' lang='lat' dir='ltr'>expurgata</span> 
     </span>
     <span class='ocr_line' id='line_1_15' title="bbox 528 1710 2721 1793; baseline 0.003 -24"><span class='ocrx_word' id='word_1_114' title='bbox 528 1710 658 1769; x_wconf 81' lang='lat' dir='ltr'>nD.</span> <span class='ocrx_word' id='word_1_115' title='bbox 688 1711 771 1772; x_wconf 90' lang='lat' dir='ltr'>G.</span> <span class='ocrx_word' id='word_1_116' title='bbox 799 1732 872 1771; x_wconf 83' lang='lat' dir='ltr'>ex</span> <span class='ocrx_word' id='word_1_117' title='bbox 891 1713 1303 1774; x_wconf 80' lang='lat' dir='ltr'>Universitate.</span> <span class='ocrx_word' id='word_1_118' title='bbox 1343 1712 1604 1785; x_wconf 77' lang='lat' dir='ltr'>Parisiis,</span> <span class='ocrx_word' id='word_1_119' title='bbox 1633 1712 1789 1791; x_wconf 87' lang='lat' dir='ltr'>apud</span> <span class='ocrx_word' id='word_1_120' title='bbox 1818 1713 2065 1773; x_wconf 83' lang='lat' dir='ltr'>Paulum</span> <span class='ocrx_word' id='word_1_121' title='bbox 2092 1712 2432 1793; x_wconf 73' lang='lat' dir='ltr'>Dionysium</span> <span class='ocrx_word' id='word_1_122' title='bbox 2460 1714 2721 1775; x_wconf 72' lang='lat' dir='ltr'>Brocns.</span> 
     </span>
     <span class='ocr_line' id='line_1_16' title="bbox 509 1808 1725 1889; baseline 0.002 -22"><span class='ocrx_word' id='word_1_123' title='bbox 509 1830 514 1835; x_wconf 92' lang='lat'><strong>·</strong></span> <span class='ocrx_word' id='word_1_124' title='bbox 612 1814 770 1876; x_wconf 87' lang='grc'>1770</span> <span class='ocrx_word' id='word_1_125' title='bbox 807 1808 1060 1870; x_wconf 78' lang='lat' dir='ltr'>Parisiis.</span> <span class='ocrx_word' id='word_1_126' title='bbox 1095 1820 1187 1872; x_wconf 87' lang='grc'>12.</span> <span class='ocrx_word' id='word_1_127' title='bbox 1215 1830 1313 1889; x_wconf 78' lang='lat' dir='ltr'>ap.</span> <span class='ocrx_word' id='word_1_128' title='bbox 1341 1810 1438 1869; x_wconf 85' lang='lat' dir='ltr'>Jo.</span> <span class='ocrx_word' id='word_1_129' title='bbox 1467 1809 1725 1869; x_wconf 77' lang='lat' dir='ltr'>Barbou.</span> 
     </span>
    </p>

    <p class='ocr_par' dir='ltr' id='par_1_4' title="bbox 607 1902 2210 1984">
     <span class='ocr_line' id='line_1_17' title="bbox 607 1902 2210 1984; baseline 0.001 -21"><span class='ocrx_word' id='word_1_130' title='bbox 607 1936 687 1949; x_wconf 90' lang='lat'>--</span> <span class='ocrx_word' id='word_1_131' title='bbox 715 1904 888 1964; x_wconf 70' lang='lat' dir='ltr'>Halae</span> <span class='ocrx_word' id='word_1_132' title='bbox 919 1902 1198 1982; x_wconf 79' lang='lat' dir='ltr'>Magdeb.</span> <span class='ocrx_word' id='word_1_133' title='bbox 1231 1914 1327 1967; x_wconf 97' lang='grc'>12.</span> <span class='ocrx_word' id='word_1_134' title='bbox 1358 1904 1636 1982; x_wconf 81' lang='lat' dir='ltr'>impensis</span> <span class='ocrx_word' id='word_1_135' title='bbox 1663 1905 2210 1984; x_wconf 78' lang='lat' dir='ltr'>Orphanotrophei.</span> 
     </span>
    </p>

    <p class='ocr_par' dir='ltr' id='par_1_5' title="bbox 610 1998 1922 2062">
     <span class='ocr_line' id='line_1_18' title="bbox 610 1998 1922 2062; baseline 0 -3"><span class='ocrx_word' id='word_1_136' title='bbox 610 2032 692 2043; x_wconf 88' lang='lat'>--</span> <span class='ocrx_word' id='word_1_137' title='bbox 720 1999 991 2060; x_wconf 86' lang='lat' dir='ltr'>Londini.</span> <span class='ocrx_word' id='word_1_138' title='bbox 1035 2008 1131 2062; x_wconf 82' lang='grc'>12.</span> <span class='ocrx_word' id='word_1_139' title='bbox 1157 2021 1232 2060; x_wconf 78' lang='lat' dir='ltr'>ex</span> <span class='ocrx_word' id='word_1_140' title='bbox 1259 2000 1355 2061; x_wconf 89' lang='lat' dir='ltr'>ed.</span> <span class='ocrx_word' id='word_1_141' title='bbox 1385 2000 1572 2061; x_wconf 89' lang='lat' dir='ltr'>Mich.</span> <span class='ocrx_word' id='word_1_142' title='bbox 1602 1998 1922 2059; x_wconf 80' lang='lat' dir='ltr'>Maittuire.</span> 
     </span>
    </p>

    <p class='ocr_par' dir='ltr' id='par_1_6' title="bbox 613 2094 2287 2174">
     <span class='ocr_line' id='line_1_19' title="bbox 613 2094 2287 2174; baseline 0.002 -22"><span class='ocrx_word' id='word_1_143' title='bbox 613 2100 768 2161; x_wconf 90' lang='grc'><strong>1772</strong></span> <span class='ocrx_word' id='word_1_144' title='bbox 811 2095 1084 2156; x_wconf 87' lang='lat' dir='ltr'>Londini.</span> <span class='ocrx_word' id='word_1_145' title='bbox 1115 2106 1171 2157; x_wconf 84' lang='grc'>8.</span> <span class='ocrx_word' id='word_1_146' title='bbox 1200 2116 1338 2156; x_wconf 88' lang='lat' dir='ltr'>cum</span> <span class='ocrx_word' id='word_1_147' title='bbox 1368 2096 1631 2155; x_wconf 84' lang='lat' dir='ltr'>versione</span> <span class='ocrx_word' id='word_1_148' title='bbox 1660 2094 1907 2174; x_wconf 81' lang='lat' dir='ltr'>Anglics</span> <span class='ocrx_word' id='word_1_149' title='bbox 1932 2096 2027 2155; x_wconf 85' lang='lat' dir='ltr'>Jo.</span> <span class='ocrx_word' id='word_1_150' title='bbox 2057 2096 2287 2157; x_wconf 78' lang='lat' dir='ltr'>Clarke.</span> 
     </span>
    </p>

    <p class='ocr_par' dir='ltr' id='par_1_7' title="bbox 617 2189 2032 2271">
     <span class='ocr_line' id='line_1_20' title="bbox 617 2189 2032 2271; baseline 0.001 -22"><span class='ocrx_word' id='word_1_151' title='bbox 617 2196 772 2258; x_wconf 87' lang='grc'><strong>1775</strong></span> <span class='ocrx_word' id='word_1_152' title='bbox 814 2189 1235 2268; x_wconf 79' lang='lat' dir='ltr'>Norimbergoe.</span> <span class='ocrx_word' id='word_1_153' title='bbox 1267 2199 1324 2251; x_wconf 87' lang='grc'>8.</span> <span class='ocrx_word' id='word_1_154' title='bbox 1353 2192 1489 2249; x_wconf 87' lang='lat' dir='ltr'>min.</span> <span class='ocrx_word' id='word_1_155' title='bbox 1520 2210 1592 2249; x_wconf 78' lang='lat' dir='ltr'>ex</span> <span class='ocrx_word' id='word_1_156' title='bbox 1620 2190 1778 2251; x_wconf 84' lang='lat' dir='ltr'>offic.</span> <span class='ocrx_word' id='word_1_157' title='bbox 1806 2192 2032 2271; x_wconf 79' lang='lat' dir='ltr'>Riegei.</span> 
     </span>
    </p>

    <p class='ocr_par' dir='ltr' id='par_1_8' title="bbox 531 2283 2727 2463">
     <span class='ocr_line' id='line_1_21' title="bbox 616 2283 2727 2359; baseline 0.005 -18"><span class='ocrx_word' id='word_1_158' title='bbox 616 2291 770 2349; x_wconf 88' lang='grc'><strong>1778</strong></span> <span class='ocrx_word' id='word_1_159' title='bbox 813 2283 1160 2359; x_wconf 81' lang='lat' dir='ltr'>Moguntioe.</span> <span class='ocrx_word' id='word_1_160' title='bbox 1217 2293 1274 2344; x_wconf 84' lang='lat'>8.</span> <span class='ocrx_word' id='word_1_161' title='bbox 1340 2284 1559 2345; x_wconf 85' lang='lat' dir='ltr'>Justini</span> <span class='ocrx_word' id='word_1_162' title='bbox 1607 2285 1977 2348; x_wconf 82' lang='lat' dir='ltr'>historiarum</span> <span class='ocrx_word' id='word_1_163' title='bbox 2037 2289 2201 2349; x_wconf 89' lang='lat' dir='ltr'>Libri</span> <span class='ocrx_word' id='word_1_164' title='bbox 2242 2306 2445 2351; x_wconf 76' lang='lat' dir='ltr'>xuv,</span> <span class='ocrx_word' id='word_1_165' title='bbox 2506 2291 2727 2352; x_wconf 80' lang='lat' dir='ltr'>scholis</span> 
     </span>
     <span class='ocr_line' id='line_1_22' title="bbox 531 2376 2508 2463; baseline 0.004 -26"><span class='ocrx_word' id='word_1_166' title='bbox 531 2376 984 2442; x_wconf 71' lang='lat' dir='ltr'>accommodati.</span> <span class='ocrx_word' id='word_1_167' title='bbox 1065 2380 1412 2457; x_wconf 79' lang='lat' dir='ltr'>Mogontiae,</span> <span class='ocrx_word' id='word_1_168' title='bbox 1443 2382 1772 2459; x_wconf 78' lang='lat' dir='ltr'>sumptibus</span> <span class='ocrx_word' id='word_1_169' title='bbox 1802 2384 2109 2463; x_wconf 76' lang='lat' dir='ltr'>Gymnasii</span> <span class='ocrx_word' id='word_1_170' title='bbox 2136 2386 2508 2447; x_wconf 79' lang='lat' dir='ltr'>Eiectoralis.</span> 
     </span>
    </p>

    <p class='ocr_par' dir='ltr' id='par_1_9' title="bbox 616 2472 2605 2559">
     <span class='ocr_line' id='line_1_23' title="bbox 616 2472 2605 2559; baseline 0.006 -28"><span class='ocrx_word' id='word_1_171' title='bbox 616 2480 773 2542; x_wconf 86' lang='lat'>1780</span> <span class='ocrx_word' id='word_1_172' title='bbox 813 2472 982 2533; x_wconf 62' lang='lat' dir='ltr'>11³1ae</span> <span class='ocrx_word' id='word_1_173' title='bbox 1015 2472 1215 2552; x_wconf 80' lang='lat' dir='ltr'>Magd.</span> <span class='ocrx_word' id='word_1_174' title='bbox 1250 2484 1344 2537; x_wconf 91' lang='grc'>12.</span> <span class='ocrx_word' id='word_1_175' title='bbox 1373 2474 1655 2555; x_wconf 87' lang='lat' dir='ltr'>impensis</span> <span class='ocrx_word' id='word_1_176' title='bbox 1682 2478 2227 2559; x_wconf 77' lang='lat' dir='ltr'>Orpbunotropbei.</span> <span class='ocrx_word' id='word_1_177' title='bbox 2258 2480 2463 2541; x_wconf 89' lang='lat' dir='ltr'>Editio</span> <span class='ocrx_word' id='word_1_178' title='bbox 2496 2498 2605 2542; x_wconf 84' lang='lat'>111.</span> 
     </span>
    </p>

    <p class='ocr_par' dir='ltr' id='par_1_10' title="bbox 618 2568 1122 2637">
     <span class='ocr_line' id='line_1_24' title="bbox 618 2568 1122 2637; baseline 0.004 -8"><span class='ocrx_word' id='word_1_179' title='bbox 618 2576 770 2637; x_wconf 87' lang='grc'><strong>1781</strong></span> <span class='ocrx_word' id='word_1_180' title='bbox 815 2568 1039 2629; x_wconf 85' lang='lat' dir='ltr'>Fuldae.</span> <span class='ocrx_word' id='word_1_181' title='bbox 1065 2578 1122 2631; x_wconf 91' lang='grc'>8.</span> 
     </span>
    </p>
   </div>
   <div class='ocr_carea' id='block_1_3' title="bbox 620 2664 2729 2751">
    <p class='ocr_par' dir='ltr' id='par_1_11' title="bbox 620 2664 2729 2751">
     <span class='ocr_line' id='line_1_25' title="bbox 620 2664 2729 2751; baseline 0.005 -28"><span class='ocrx_word' id='word_1_182' title='bbox 620 2671 778 2733; x_wconf 77' lang='grc'><strong>1784</strong></span> <span class='ocrx_word' id='word_1_183' title='bbox 815 2664 1076 2743; x_wconf 88' lang='lat' dir='ltr'>Biponti.</span> <span class='ocrx_word' id='word_1_184' title='bbox 1122 2674 1178 2727; x_wconf 90' lang='grc'>8.</span> <span class='ocrx_word' id='word_1_185' title='bbox 1202 2666 1346 2745; x_wconf 82' lang='lat' dir='ltr'>msj.</span> <span class='ocrx_word' id='word_1_186' title='bbox 1367 2666 1574 2727; x_wconf 85' lang='lat' dir='ltr'>studiis</span> <span class='ocrx_word' id='word_1_187' title='bbox 1598 2668 1908 2730; x_wconf 79' lang='lat' dir='ltr'>Societstis</span> <span class='ocrx_word' id='word_1_188' title='bbox 1938 2670 2290 2749; x_wconf 77' lang='lat' dir='ltr'>Bipontinae.</span> <span class='ocrx_word' id='word_1_189' title='bbox 2333 2672 2426 2731; x_wconf 81' lang='lat' dir='ltr'>Ex</span> <span class='ocrx_word' id='word_1_190' title='bbox 2446 2681 2729 2751; x_wconf 72' lang='lat' dir='ltr'>typogra-</span> 
     </span>
    </p>
   </div>
   <div class='ocr_carea' id='block_1_4' title="bbox 420 2758 1036 2839">
    <p class='ocr_par' dir='ltr' id='par_1_12' title="bbox 420 2758 1036 2839">
     <span class='ocr_line' id='line_1_26' title="bbox 420 2758 1036 2839; baseline 0.005 -21"><span class='ocrx_word' id='word_1_191' title='bbox 420 2770 440 2781; x_wconf 72' lang='grc'><strong>“</strong></span> <span class='ocrx_word' id='word_1_192' title='bbox 536 2759 680 2839; x_wconf 72' lang='lat' dir='ltr'>phio</span> <span class='ocrx_word' id='word_1_193' title='bbox 705 2758 1036 2822; x_wconf 77' lang='lat' dir='ltr'>societatis.</span> 
     </span>
    </p>
   </div>
   <div class='ocr_carea' id='block_1_5' title="bbox 541 2856 2731 3031">
    <p class='ocr_par' dir='ltr' id='par_1_13' title="bbox 541 2856 2731 3031">
     <span class='ocr_line' id='line_1_27' title="bbox 624 2856 2731 2939; baseline 0.005 -25"><span class='ocrx_word' id='word_1_194' title='bbox 624 2862 782 2927; x_wconf 78' lang='lat'><strong>1790</strong></span> <span class='ocrx_word' id='word_1_195' title='bbox 823 2856 1165 2917; x_wconf 77' lang='lat' dir='ltr'>Munbemii.</span> <span class='ocrx_word' id='word_1_196' title='bbox 1190 2864 1283 2917; x_wconf 92' lang='grc'>12.</span> <span class='ocrx_word' id='word_1_197' title='bbox 1303 2858 1339 2917; x_wconf 84' lang='lat' dir='ltr'>J</span> <span class='ocrx_word' id='word_1_198' title='bbox 1347 2858 1521 2917; x_wconf 80' lang='lat' dir='ltr'>usum</span> <span class='ocrx_word' id='word_1_199' title='bbox 1548 2857 1802 2919; x_wconf 82' lang='lat' dir='ltr'>historioe</span> <span class='ocrx_word' id='word_1_200' title='bbox 1830 2860 2169 2939; x_wconf 72' lang='lat' dir='ltr'>Philippicae</span> <span class='ocrx_word' id='word_1_201' title='bbox 2204 2872 2269 2922; x_wconf 83' lang='lat' dir='ltr'>et</span> <span class='ocrx_word' id='word_1_202' title='bbox 2296 2862 2481 2922; x_wconf 86' lang='lat' dir='ltr'>totius</span> <span class='ocrx_word' id='word_1_203' title='bbox 2504 2862 2731 2933; x_wconf 81' lang='lat' dir='ltr'>mundi,</span> 
     </span>
     <span class='ocr_line' id='line_1_28' title="bbox 541 2950 1962 3031; baseline 0.003 -21"><span class='ocrx_word' id='word_1_204' title='bbox 541 2950 864 3011; x_wconf 86' lang='lat' dir='ltr'>secundum</span> <span class='ocrx_word' id='word_1_205' title='bbox 893 2952 1148 3030; x_wconf 80' lang='lat' dir='ltr'>optimas</span> <span class='ocrx_word' id='word_1_206' title='bbox 1177 2952 1635 3031; x_wconf 73' lang='lat' dir='ltr'>novissimusque</span> <span class='ocrx_word' id='word_1_207' title='bbox 1650 2955 1962 3017; x_wconf 86' lang='lat' dir='ltr'>editiones.</span> 
     </span>
    </p>
   </div>
   <div class='ocr_carea' id='block_1_6' title="bbox 531 3046 2737 3502">
    <p class='ocr_par' dir='ltr' id='par_1_14' title="bbox 531 3046 2731 3219">
     <span class='ocr_line' id='line_1_29' title="bbox 617 3046 2731 3125; baseline 0.005 -19"><span class='ocrx_word' id='word_1_208' title='bbox 617 3079 701 3091; x_wconf 90' lang='lat'><em>-</em></span> <span class='ocrx_word' id='word_1_209' title='bbox 725 3046 1110 3125; x_wconf 83' lang='lat' dir='ltr'>wirceburgi.</span> <span class='ocrx_word' id='word_1_210' title='bbox 1142 3056 1199 3108; x_wconf 90' lang='grc'>8.</span> <span class='ocrx_word' id='word_1_211' title='bbox 1229 3048 1699 3110; x_wconf 76' lang='lat' dir='ltr'>chrestomathia</span> <span class='ocrx_word' id='word_1_212' title='bbox 1738 3051 2083 3125; x_wconf 78' lang='lat' dir='ltr'>Justiniuns,</span> <span class='ocrx_word' id='word_1_213' title='bbox 2130 3054 2191 3111; x_wconf 88' lang='lat' dir='ltr'>in</span> <span class='ocrx_word' id='word_1_214' title='bbox 2234 3072 2408 3114; x_wconf 84' lang='lat' dir='ltr'>usum</span> <span class='ocrx_word' id='word_1_215' title='bbox 2448 3054 2731 3116; x_wconf 66' lang='lat' dir='ltr'>studiose</span> 
     </span>
     <span class='ocr_line' id='line_1_30' title="bbox 531 3142 881 3219; baseline 0 -19"><span class='ocrx_word' id='word_1_216' title='bbox 531 3142 881 3219; x_wconf 82' lang='lat' dir='ltr'>juventutis.</span> 
     </span>
    </p>

    <p class='ocr_par' dir='ltr' id='par_1_15' title="bbox 545 3238 2737 3502">
     <span class='ocr_line' id='line_1_31' title="bbox 628 3238 2733 3316; baseline 0.004 -21"><span class='ocrx_word' id='word_1_217' title='bbox 628 3242 778 3307; x_wconf 85' lang='grc'><strong>1793</strong></span> <span class='ocrx_word' id='word_1_218' title='bbox 821 3238 1170 3316; x_wconf 64' lang='lat' dir='ltr'>Iaemgoviae.</span> <span class='ocrx_word' id='word_1_219' title='bbox 1203 3248 1255 3299; x_wconf 94' lang='grc'>8.</span> <span class='ocrx_word' id='word_1_220' title='bbox 1285 3240 1550 3301; x_wconf 71' lang='lat' dir='ltr'>lustinus</span> <span class='ocrx_word' id='word_1_221' title='bbox 1573 3260 1709 3301; x_wconf 78' lang='lat' dir='ltr'>zum</span> <span class='ocrx_word' id='word_1_222' title='bbox 1746 3241 2065 3303; x_wconf 69' lang='lat' dir='ltr'>Gebrnu&#39;ch</span> <span class='ocrx_word' id='word_1_223' title='bbox 2094 3244 2202 3305; x_wconf 82' lang='lat' dir='ltr'>der</span> <span class='ocrx_word' id='word_1_224' title='bbox 2238 3255 2439 3306; x_wconf 84' lang='lat' dir='ltr'>ersten</span> <span class='ocrx_word' id='word_1_225' title='bbox 2492 3244 2733 3305; x_wconf 74' lang='lat' dir='ltr'>Ansaen-</span> 
     </span>
     <span class='ocr_line' id='line_1_32' title="bbox 545 3330 2735 3417; baseline 0.006 -31"><span class='ocrx_word' id='word_1_226' title='bbox 545 3348 666 3405; x_wconf 81' lang='lat' dir='ltr'>ger,</span> <span class='ocrx_word' id='word_1_227' title='bbox 693 3331 803 3388; x_wconf 88' lang='lat' dir='ltr'>mir</span> <span class='ocrx_word' id='word_1_228' title='bbox 849 3330 1070 3393; x_wconf 82' lang='lat' dir='ltr'>kurzen</span> <span class='ocrx_word' id='word_1_229' title='bbox 1119 3334 1504 3417; x_wconf 80' lang='lat' dir='ltr'>historischen</span> <span class='ocrx_word' id='word_1_230' title='bbox 1544 3336 1661 3396; x_wconf 90' lang='lat' dir='ltr'>und</span> <span class='ocrx_word' id='word_1_231' title='bbox 1707 3340 2198 3416; x_wconf 78' lang='lat' dir='ltr'>grammatischen</span> <span class='ocrx_word' id='word_1_232' title='bbox 2241 3340 2735 3417; x_wconf 79' lang='lat' dir='ltr'>Aumerkungen,</span> 
     </span>
     <span class='ocr_line' id='line_1_33' title="bbox 546 3423 2737 3502; baseline 0.008 -21"><span class='ocrx_word' id='word_1_233' title='bbox 546 3423 654 3483; x_wconf 81' lang='lat' dir='ltr'>wie</span> <span class='ocrx_word' id='word_1_234' title='bbox 699 3425 854 3485; x_wconf 73' lang='lat' dir='ltr'>auch</span> <span class='ocrx_word' id='word_1_235' title='bbox 899 3430 1008 3488; x_wconf 88' lang='lat' dir='ltr'>mit</span> <span class='ocrx_word' id='word_1_236' title='bbox 1049 3430 1275 3491; x_wconf 81' lang='lat' dir='ltr'>einem,</span> <span class='ocrx_word' id='word_1_237' title='bbox 1294 3432 1703 3493; x_wconf 83' lang='lat' dir='ltr'>Woerterbuch</span> <span class='ocrx_word' id='word_1_238' title='bbox 1754 3436 2029 3495; x_wconf 83' lang='lat' dir='ltr'>verseben</span> <span class='ocrx_word' id='word_1_239' title='bbox 2067 3456 2181 3497; x_wconf 81' lang='lat' dir='ltr'>von</span> <span class='ocrx_word' id='word_1_240' title='bbox 2230 3439 2463 3500; x_wconf 83' lang='lat' dir='ltr'>Albert.</span> <span class='ocrx_word' id='word_1_241' title='bbox 2512 3440 2737 3502; x_wconf 82' lang='lat' dir='ltr'>Christ.</span> 
     </span>
    </p>
   </div>
   <div class='ocr_carea' id='block_1_7' title="bbox 547 3518 2743 3701">
    <p class='ocr_par' dir='ltr' id='par_1_16' title="bbox 547 3518 2743 3701">
     <span class='ocr_line' id='line_1_34' title="bbox 547 3518 2743 3615; baseline 0.009 -37"><span class='ocrx_word' id='word_1_242' title='bbox 547 3518 874 3580; x_wconf 83' lang='lat' dir='ltr'>Meinecke.</span> <span class='ocrx_word' id='word_1_243' title='bbox 931 3522 1168 3601; x_wconf 63' lang='lat' dir='ltr'>Lemgm</span> <span class='ocrx_word' id='word_1_244' title='bbox 1198 3525 1277 3584; x_wconf 91' lang='lat' dir='ltr'>im</span> <span class='ocrx_word' id='word_1_245' title='bbox 1300 3527 1551 3607; x_wconf 76' lang='lat' dir='ltr'>Vei-lage</span> <span class='ocrx_word' id='word_1_246' title='bbox 1596 3530 1703 3590; x_wconf 89' lang='lat' dir='ltr'>der</span> <span class='ocrx_word' id='word_1_247' title='bbox 1747 3532 2112 3594; x_wconf 86' lang='lat' dir='ltr'>Meierscben</span> <span class='ocrx_word' id='word_1_248' title='bbox 2158 3536 2659 3615; x_wconf 75' lang='lat' dir='ltr'>Bucbbundiuug.</span> <span class='ocrx_word' id='word_1_249' title='bbox 2660 3569 2743 3580; x_wconf 90' lang='lat'>—</span> 
     </span>
     <span class='ocr_line' id='line_1_35' title="bbox 548 3614 2061 3701; baseline 0.009 -24"><span class='ocrx_word' id='word_1_250' title='bbox 548 3614 808 3678; x_wconf 83' lang='lat' dir='ltr'>Lexicon</span> <span class='ocrx_word' id='word_1_251' title='bbox 837 3619 1146 3699; x_wconf 77' lang='lat' dir='ltr'>separatim</span> <span class='ocrx_word' id='word_1_252' title='bbox 1173 3621 1343 3681; x_wconf 77' lang='lat' dir='ltr'>etism</span> <span class='ocrx_word' id='word_1_253' title='bbox 1367 3624 1587 3701; x_wconf 89' lang='lat' dir='ltr'>prodiit</span> <span class='ocrx_word' id='word_1_254' title='bbox 1613 3626 1762 3687; x_wconf 88' lang='lat' dir='ltr'>ibid.</span> <span class='ocrx_word' id='word_1_255' title='bbox 1798 3636 1972 3699; x_wconf 80' lang='lat'>1794.</span> <span class='ocrx_word' id='word_1_256' title='bbox 2006 3640 2061 3691; x_wconf 90' lang='grc'>8.</span> 
     </span>
    </p>
   </div>
   <div class='ocr_carea' id='block_1_8' title="bbox 1187 3782 2097 3878">
    <p class='ocr_par' dir='ltr' id='par_1_17' title="bbox 1187 3782 2097 3878">
     <span class='ocr_line' id='line_1_36' title="bbox 1187 3782 2097 3878; baseline 0.015 -14"><span class='ocrx_word' id='word_1_257' title='bbox 1187 3782 2097 3878; x_wconf 85' lang='lat' dir='ltr'>VERSIONES.</span> 
     </span>
    </p>
   </div>
   <div class='ocr_carea' id='block_1_9' title="bbox 1299 4002 1961 4066">
    <p class='ocr_par' dir='ltr' id='par_1_18' title="bbox 1299 4002 1961 4066">
     <span class='ocr_line' id='line_1_37' title="bbox 1299 4002 1961 4066; baseline 0.009 -6"><span class='ocrx_word' id='word_1_258' title='bbox 1299 4002 1697 4064; x_wconf 85' lang='lat' dir='ltr'>PORTUGA</span> <span class='ocrx_word' id='word_1_259' title='bbox 1704 4004 1961 4066; x_wconf 81' lang='lat' dir='ltr'>LLch.</span> 
     </span>
    </p>
   </div>
   <div class='ocr_carea' id='block_1_10' title="bbox 553 4104 2747 4259">
    <p class='ocr_par' dir='ltr' id='par_1_19' title="bbox 553 4104 2747 4259">
     <span class='ocr_line' id='line_1_38' title="bbox 553 4104 2747 4259; baseline 0.006 -92"><span class='ocrx_word' id='word_1_260' title='bbox 553 4104 793 4252; x_wconf 33' lang='grc' dir='ltr'>Ι’.11)726</span> <span class='ocrx_word' id='word_1_261' title='bbox 815 4106 1062 4259; x_wconf 47' lang='lat' dir='ltr'>{Pulsum</span> <span class='ocrx_word' id='word_1_262' title='bbox 1091 4110 1387 4183; x_wconf 83' lang='lat' dir='ltr'>Lusitano,</span> <span class='ocrx_word' id='word_1_263' title='bbox 1415 4132 1529 4253; x_wconf 86' lang='lat' dir='ltr'>por</span> <span class='ocrx_word' id='word_1_264' title='bbox 1554 4114 1781 4173; x_wconf 83' lang='lat' dir='ltr'>Troiiio</span> <span class='ocrx_word' id='word_1_265' title='bbox 1824 4114 1900 4175; x_wconf 84' lang='lat' dir='ltr'>de</span> <span class='ocrx_word' id='word_1_266' title='bbox 1940 4117 2353 4181; x_wconf 77' lang='lat' dir='ltr'>Vasconeellos</span> <span class='ocrx_word' id='word_1_267' title='bbox 2396 4120 2478 4181; x_wconf 75' lang='lat' dir='ltr'>du</span> <span class='ocrx_word' id='word_1_268' title='bbox 2506 4120 2747 4182; x_wconf 68' lang='lat' dir='ltr'>eunt-a,</span> 
     </span>
     <span class='ocr_line' id='line_1_39' title="bbox 605 4212 897 4255; baseline 0.014 -4"><span class='ocrx_word' id='word_1_269' title='bbox 605 4213 648 4252; x_wconf 77' lang='lat' dir='ltr'>is</span> <span class='ocrx_word' id='word_1_270' title='bbox 691 4212 765 4252; x_wconf 78' lang='lat' dir='ltr'>on</span> <span class='ocrx_word' id='word_1_271' title='bbox 862 4218 897 4255; x_wconf 92' lang='lat' dir='ltr'>o</span> 
     </span>
    </p>
   </div>
   <div class='ocr_carea' id='block_1_11' title="bbox 1398 3948 1866 3969">
    <p class='ocr_par' dir='ltr' id='par_1_20' title="bbox 1398 3948 1866 3969">
     <span class='ocr_line' id='line_1_40' title="bbox 1398 3948 1866 3969; baseline 0 873"><span class='ocrx_word' id='word_1_272' title='bbox 1398 3948 1866 3969; x_wconf 95' lang='lat' dir='ltr'> </span> 
     </span>
    </p>
   </div>
   <div class='ocr_carea' id='block_1_12' title="bbox 3010 2330 3014 2947">
    <p class='ocr_par' dir='ltr' id='par_1_21' title="bbox 3010 2330 3014 2947">
     <span class='ocr_line' id='line_1_41' title="bbox 3010 2330 3014 2947; baseline 0 0"><span class='ocrx_word' id='word_1_273' title='bbox 3010 2330 3014 2947; x_wconf 95' lang='lat' dir='ltr'> </span> 
     </span>
    </p>
   </div>
  </div>
 </body>
</html>
