3025 4842
527 416 702 482 1060
1005 428 1393 479 nnussusus
1447 425 1879 474 nnirnouum
1926 424 2248 473 Jus'rwr.

607 618 688 629 —
715 582 1124 644 Schreveliana
1169 596 1281 640 ιιι.
1329 589 1385 641 8.
1431 598 1571 639 cum
1618 576 1775 638 notis
1814 578 1982 639 Varr.
2010 586 2069 639 et
2098 572 2478 639 freinsbe-ii
2509 572 2735 635 indice.

526 685 771 847 '‘lizdy
809 774 1223 835 Schreveiiana
1277 789 1371 832 w.
1417 780 1695 833 8ae—eum
1744 769 1903 830 notis
1950 767 2350 830 scientissimis
2400 765 2731 834 Varios-nm,

527 880 771 931 curante
815 871 890 929 C.
921 870 984 929 S.
1013 870 1104 929 M.
1141 870 1222 929 D.
1260 864 1713 936 Amsteiodani,
1738 865 1901 945 apud
1932 864 2301 925 Lndovienm
2329 872 2397 925 et
2424 861 2729 921 Danielem

529 966 865 1027 Eizevirios.

605 1096 689 1108 —
715 1060 1157 1121 Amstelodami.
1191 1069 1288 1123 12.

607 1192 690 1203 ——-
719 1158 966 1220 Oxonii.
1017 1166 1110 1219 12.
1155 1154 1372 1218 Justini
1421 1154 1681 1214 historiae
1727 1152 2101 1235 Philippicae,
2146 1168 2286 1209 eum
2330 1148 2491 1208 notia
2546 1148 2727 1209 isaaci

529 1256 770 1419 v⁰l⁸g¹7ho
811 1348 1222 1410 Schreveliana
1249 1366 1316 1407 v.
1345 1354 1406 1407 8.
1435 1356 1476 1409 2
1503 1345 1639 1405 voli.
1668 1366 1721 1405 e.
1752 1364 1811 1406 n.
1842 1347 2012 1405 Varr.
2046 1340 2321 1420 Lugduni
2352 1342 2488 1401 But.

607 1480 691 1492 —
715 1444 986 1523 Lugduni
1025 1446 1160 1505 But.
1212 1453 1304 1505 1⁴2.
1331 1463 1403 1501 ex
1431 1462 1557 1503 reo.
1588 1442 1780 1501 lsaaei
1808 1440 2021 1500 Vossii.
2050 1439 2191 1517 (Sed
2222 1437 2469 1497 Vossius
2499 1446 2727 1497 textum

525 1542 658 1620 ipse
699 1542 931 1621 reliquit
977 1540 1448 1619 Bongarsianum,
1479 1558 1732 1617 suasque
1760 1536 2197 1598 emendationes
2222 1534 2283 1594 in
2313 1534 2470 1594 notis
2500 1543 2733 1594 tantum

531 1640 764 1802 811τὲζί
815 1731 1262 1793 Amstelodami.
1311 1730 1401 1790 16.
1442 1730 1661 1791 justini
1700 1728 2071 1790 historiarum
2096 1747 2171 1786 ex
2200 1726 2397 1804 ngo
2432 1724 2733 1802 Pompeio

529 1826 667 1888 libri
700 1844 888 1889 Χιιν.
917 1848 989 1889 ex
1019 1827 1357 1889 recensione
1389 1828 1577 1887 isaaci
1602 1827 1816 1888 Vossii.
1846 1826 2094 1885 Amstel.
2124 1842 2226 1902 ap.
2258 1820 2497 1883 Eizevir.

960 2136 1187 2196 AETAS
1230 2135 1303 2195 V.
1343 2132 2294 2204 GRAEvlo-GRONOVIANA,

1421 2290 1691 2353 1668—1
1702 2301 1843 2355 802.

535 2526 570 2565 a
599 2504 924 2565 duumviris
951 2504 984 2565 J
993 2502 1161 2563 ustini
1190 2498 1543 2561 emendandi
1578 2502 1678 2563 Jo.
1708 2494 1969 2579 Georgio
2012 2498 2253 2560 Groevio
2292 2506 2355 2560 et
2394 2499 2738 2566 Abraham

537 2603 844 2661 Gronovio
891 2600 1162 2660 dicenda.
1249 2598 1352 2658 Ine
1395 2598 1627 2675 quidem
1660 2607 1883 2659 textum
1914 2595 2373 2675 Bongarsianutn
2404 2596 2625 2675 saepius
2654 2599 2739 2657 in-

535 2695 888 2775 tempestiva
931 2693 1334 2755 immutatione
1378 2693 1591 2753 veteris
1632 2693 1894 2753 iectionis
1938 2694 2303 2752 aberrantem
2342 2692 2423 2750 ad
2468 2712 2602 2753 eum
2646 2714 2735 2754 re·

536 2791 727 2862 duxit,
757 2792 1110 2853 anctoritate
1155 2790 1403 2849 maxime
1437 2788 1699 2850 Iuntinae
1738 2794 1899 2866 (quae
1928 2807 2049 2849 non
2080 2796 2170 2848 est
2196 2786 2304 2845 nisi
2329 2788 2609 2865 repetitio
2641 2790 2743 2849 ΛΙ-

537 2876 722 2964 dinae}
745 2890 946 2961 fultus,
969 2890 1098 2967 jam
1137 2889 1216 2949 ab
1243 2905 1335 2946 an.
1368 2882 1547 2947 1668.
1598 2884 1733 2944 dein
1764 2904 1900 2946 curn
1929 2885 2163 2963 Tanaq.
2192 2882 2401 2955 Faber‚
2431 2885 2535 2944 Jo.
2563 2886 2739 2945 Vors-

537 2982 676 3055 tius,
721 2985 815 3046 Jo.
863 2984 1198 3045 Schefferus
1237 2991 1300 3042 et
1342 2980 1731 3051 oxonienses,
1758 2980 1897 3041 visis
1942 2980 2165 3041 Graevii
2206 2979 2382 3050 notis,
2410 2996 2559 3040 snas
2588 3000 2739 3059 qno·

542 3097 655 3156 que
699 3078 1020 3140 edidissent
1067 3078 1205 3139 edd.
1255 3086 1628 3158 praestantes,
1676 3076 1881 3137 horum
1928 3075 2181 3136 virorum
2211 3094 2385 3135 curas
2414 3077 2741 3154 superavit.

535 3173 824 3235 adornata
869 3174 1127 3235 editione
1173 3174 1399 3251 majore
1447 3178 1583 3233 c'um
1629 3174 1787 3233 notis
1835 3192 1983 3232 varr.
2032 3174 2277 3250 suisque
2296 3193 2317 3243 3
2360 3183 2503 3251 post
2557 3192 2739 3251 quam

449 3274 464 3291 ”
543 3268 905 3331 oxonienses
923 3270 1390 3333 studioThomae
1413 3268 1968 3339 Heasnelustinum‚
1981 3270 2132 3328 Ven.
2150 3268 2355 3328 Abbas
2374 3266 2457 3328 de
2471 3268 2741 3343 Longae-

539 3381 642 3422 rue
691 3364 974 3442 Prologos
1021 3367 1156 3425 olim
1202 3386 1237 3425 a
1284 3366 1601 3444 Bongarsio
1646 3364 2003 3435 emendatos,
2032 3364 2233 3424 denuo
2272 3362 2353 3423 ad
2396 3367 2543 3425 Mss-
2588 3382 2742 3422 exe-

538 3469 768 3537 gerunt.
848 3459 1006 3519 Tum
1047 3461 1273 3520 Graevii
1315 3463 1571 3541 vestigiis
1596 3461 1869 3521 insistens
1899 3460 2124 3521 Abu-ah.
2150 3460 2492 3519 Gronovius
2516 3476 2741 3517 novam

540 3554 856 3616 editionem
905 3574 1040 3615 cum
1085 3557 1244 3616 notis
1291 3574 1448 3617 ναι-π.
1495 3576 1745 3636 eamque
1792 3555 2117 3616 auctiorem
2170 3555 2427 3634 paravit,
2482 3555 2743 3633 primam

550 3658 724 3722 1719.
757 3660 820 3711 ut
837 3648 1072 3729 juvenis
1099 3649 1516 3730 negligentius:
1562 3652 1805 3711 aiteram
1838 3650 2015 3719 1760.
2044 3662 2112 3711 ut
2139 3651 2335 3711 senior
2356 3650 2747 3730 diligentius:

541 3748 701 3808 unde
745 3749 970 3828 optima
1013 3749 1308 3827 processit
1347 3749 1543 3820 lectio,
1574 3766 1747 3826 quam
1794 3748 1984 3808 secuti
2030 3766 2249 3809 sumus.
2332 3747 2557 3807 Praeter
2578 3766 2749 3816 eun,

539 3852 608 3905 ut
632 3844 920 3917 futilibus,
947 3864 1083 3923 quae
1110 3844 1168 3904 in
1195 3844 1515 3917 Germania
1539 3862 1577 3903 a
1602 3862 1723 3903 see.
1754 3859 1969 3905 xvln.
1996 3844 2235 3903 ineunte
2252 3843 2525 3903 obtinere
2544 3862 2751 3922 σωρε-

539 3948 697 4010 runt,
725 3939 1076 4000 editionibus
1110 3938 1407 4010 Junekeri,
1437 3950 1496 3999 et
1542 3958 1677 3999 cum
1707 3940 1861 3998 notis
1891 3938 2258 3999 Germanicis
2284 3938 2536 4011 Sinceri,
2564 3938 2753 3997 dero·

541 4042 724 4109 garet,
749 4034 994 4112 pulchre
1032 4035 1336 4111 juventuti
1380 4043 1441 4094 et
1485 4034 1667 4095 literis
1710 4035 2006 4096 consuluit
2046 4035 2144 4095 Jo.
2190 4034 2351 4094 Frid.
2395 4034 2748 4105 Fischerns,

483 4148 490 4156 ·
538 4122 774 4197 edendo
813 4148 912 4189 an.
957 4139 1127 4199 1757.
1153 4150 1227 4190 ex
1253 4148 1372 4190 rec.
1399 4118 1725 4191 Graeviana
1745 4140 1811 4191 et
1836 4151 1971 4192 cum
1995 4132 2129 4208 ejus
2155 4148 2227 4191 ac
2255 4131 2353 4192 Jo.
2381 4129 2545 4191 Frid.
2578 4132 2751 4189 Gro-

544 4219 702 4277 novii
749 4222 916 4291 notis,
949 4225 1145 4283 libello
1185 4246 1336 4287 varr.
1378 4227 1539 4287 lectt.
1586 4229 1984 4307 Bongnrsiano
2010 4228 2273 4289 auctiore
2298 4234 2445 4288 cett.
2470 4226 2747 4293 sustine,
