3025 4842
927 744 1481 825 RECENSUS
1550 744 1971 825 CODICU
1975 748 2071 824 M
2140 746 2382 826 MSS.

1359 986 1406 1052 J
1437 985 1506 1053 U
1537 986 1585 1053 S
1615 984 1679 1055 Τ
1710 986 1747 1053 Ι
1780 986 1847 1053 N
1882 986 1943 1065 1,

711 1230 842 1285 om
883 1228 966 1283 IN
1000 1229 1508 1283 BIBLIO'I'HECIS
1541 1226 2013 1280 BRITANNICIS
2054 1224 2599 1281 ASSERVANTUR.

1113 1706 1365 1775 Codices
1403 1706 1472 1773 in
1524 1703 1745 1770 Museo
1806 1700 2200 1769 Britannico.

635 1843 725 1908 Iu
763 1842 1078 1911 Biblioeh.
1111 1842 1275 1931 Reg.
1322 1846 1409 1909 15
1447 1841 1535 1907 A.
1568 1858 1742 1907 xm.
1807 1830 2061 1905 Justini
2096 1838 2276 1922 Epit.
2314 1838 2525 1921 Trogi
2558 1838 2756 1904 Pom-

547 1946 708 2031 peii.
741 1946 910 2013 Cod.
941 1949 1303 2013 membran.
1331 1966 1493 2012 saec.
1528 1962 1657 2010 xv,
1703 1942 2081 2026 P1aefigitur
2112 1941 2335 2007 codici
2372 1941 2571 2007 utilis
2618 1963 2757 2008 om·

547 2048 732 2111 nium
761 2048 1106 2114 Librorum
1138 2064 1356 2114 xciv,
1387 2047 1712 2131 syllabus.

631 2150 721 2213 15
747 2148 828 2214 C.
855 2167 904 2215 1.
934 2152 1086 2217 cod.
1121 2153 1537 2228 chartaceus,
1564 2151 1706 2215 4to.
1737 2170 1856 2234 pp.
1872 2150 1981 2214 30.
2004 2148 2117 2214 cui
2152 2148 2430 2213 titulus:
2476 2148 2565 2213 In
2586 2148 2755 2215 Tro-

543 2268 703 2330 gum
725 2250 1130 2333 Pompeium
1158 2254 1302 2315 sive
1321 2251 1368 2317 J
1373 2252 1661 2316 ustinum
1686 2251 2195 2335 Chorograpbia
2214 2252 2301 2315 ad
2320 2251 2751 2317 excellentis-

543 2350 784 2415 simum
827 2358 900 2416 et
935 2352 1462 2417 illustrissimum
1503 2352 1869 2419 Dominum
1920 2353 2007 2418 D.
2063 2352 2453 2418 Eduardum
2500 2352 2753 2417 Walia’.

547 2448 966 2539 Principem:
1013 2474 1076 2519 a.
1125 2453 1318 2520 1546.
1406 2450 1703 2520 Auctore
1748 2453 1955 2519 Petro
2006 2453 2307 2520 olivario
2358 2452 2751 2519 Valentino.

545 2554 735 2620 Huic
765 2557 1139 2643 subjicitur,
1169 2564 1248 2623 ut
1273 2556 1478 2622 etiam
1519 2556 1757 2641 puerili
1802 2558 1985 2623 aetati
2014 2564 2203 2641 apta,
2228 2556 2471 2621 similis
2502 2556 2757 2623 choro-

540 2659 821 2743 grapbia
847 2661 916 2726 in
947 2660 1298 2745 Epistulas
1328 2660 1722 2726 Familiares
1750 2657 2139 2725 Ciceronis:
2171 2679 2235 2725 a.
2267 2659 2463 2723 1546.

512 2748 520 2759 ’
630 2761 712 2825 In
783 2758 1082 2827 Biblioth.
1129 2759 1326 2828 Harl.
1380 2762 1476 2827 N.
1523 2762 1718 2828 5076.
1762 2762 1917 2827 cod.
1954 2762 2244 2829 chartac.
2287 2761 2335 2826 J
2338 2762 2573 2841 ustini,
2600 2781 2757 2827 cum

542 2866 695 2931 aliis
727 2863 1055 2931 Historiis
1083 2872 1152 2931 et
1182 2863 1636 2942 OrationibuS,
1666 2882 1822 2929 saec.
1874 2880 2001 2929 XV.
2048 2866 2121 2929 in
2169 2864 2380 2932 Italia
2418 2866 2759 2950 scriptus:

543 2966 747 3033 babet
770 2969 880 3033 hic
907 2976 982 3033 et
1003 2968 1162 3033 inde
1192 2969 1451 3033 indices
1472 2968 1891 3051 marginales,

629 3070 722 3135 N.
781 3071 988 3136 5279.
1022 3069 1176 3135 cod.
1225 3070 1589 3134 membran.
1643 3067 1922 3147 Justini,
1958 3088 2119 3134 saec.
2172 3086 2303 3135 xv.
2343 3070 2639 3135 illumin.
2690 3074 2757 3133 et

539 3174 864 3255 eleganter
891 3173 1191 3258 scriptus
1237 3172 1480 3239 Italico
1507 3173 1911 3238 charactere.
2000 3172 2160 3238 Sine
2188 3174 2400 3257 gloss.
2428 3180 2502 3238 et
2527 3172 2755 3237 indice

538 3275 908 3356 marginali.

625 3374 770 3441 Alii
807 3387 970 3442 sunt
1019 3378 1288 3444 codices
1325 3380 1497 3444 inter
1532 3376 1725 3443 Harl.
1772 3378 2130 3443 membran.
2174 3384 2243 3443 et
2284 3376 2579 3442 chartac.
2610 3375 2755 3440 ele-

537 3482 794 3563 ganteS,
851 3500 1065 3563 usque
1112 3481 1199 3546 ad
1243 3481 1470 3545 decem
1516 3500 1831 3548 numero:
1876 3466 2135 3564 nempe,
2189 3478 2281 3545 N.
2316 3480 2518 3545 2487.
2552 3478 2755 3545 2657.

539 3582 736 3649 2705.
779 3580 980 3648 2718.
1008 3582 1204 3648 2740.
1230 3582 1429 3649 2762.
1458 3584 1656 3649 4099.
1684 3584 1880 3650 4822.
1908 3582 2101 3649 4922.
2131 3580 2328 3647 5292.

625 3681 1230 3771 ΙιιῐειῄΒαν-ηείαηοε
1258 3684 1350 3749 Ν.
1374 3686 1527 3752 329.
1559 3686 1714 3752 cod.
1743 3694 1847 3751 est
1872 3684 1919 3750 J
1922 3684 2131 3751 ustini
2170 3684 2467 3750 chartac.
2488 3684 2610 3749 fol.
2636 3702 2760 3767 pp.

539 3788 690 3853 128.
713 3789 1060 3855 nonnullis
1089 3790 1432 3856 sententiis
1465 3790 1743 3855 ‘collatis
1766 3810 1916 3855 cum
1954 3789 2251 3855 editione
2280 3786 2450 3877 Abr.
2482 3785 2765 3881 Grono-

533 3894 630 3957 vii
661 3910 814 3977 quoe
840 3890 1051 3975 Lugd.
1094 3892 1252 3957 Bat.
1279 3892 1462 3957 edita
1488 3892 1616 3957 suit
1642 3892 1840 3959 1760.
2362 3906 2377 3921 ·

619 3992 766 4060 Alii
803 4003 1062 4080 septem
1109 3994 1308 4062 codd.
1351 3993 1401 4059 J
1403 3996 1615 4060 usum
1663 3994 1775 4061 bic
1830 4002 2282 4071 asservantur,
2328 3992 2636 4058 chartac.
2688 3996 2761 4054 et

529 4096 885 4161 membran.
911 4118 1142 4163 omnes
1167 4097 1476 4165 similiter
1500 4097 1821 4163 babentes
1844 4116 2106 4215 paucas
2122 4114 2317 4180 pagg.
2348 4093 2637 4161 collatas
2666 4088 2759 4156 ad

389 4260 395 4265 .
533 4194 636 4261 ed.
673 4194 1192 4261 Gronovianam.
