3025 4842
453 381 586 450 822

519 538 872 601 Nesos-eum,
891 538 997 604 &at-J
1048 538 1286 590 Prudens
1307 539 1512 589 consili-

450 629 560 678 um,
579 614 718 678 quod
737 621 792 664 et
811 614 1042 678 Scipioni
1068 613 1328 663 Hannibal
1352 613 1511 664 incul-

455 702 544 744 cat
565 709 649 758 ep.
690 693 803 743 Liv.
827 705 968 743 xxx·
987 697 1068 743 80.
1085 697 1167 742 25.
1199 695 1216 721 ⁴
1243 691 1288 740 N
1296 707 1360 740 on
1403 699 1509 740 sta·

455 775 664 819 tuentes
682 767 890 817 tandem
907 766 1150 816 felicitati
1164 781 1269 816 snae
1285 767 1510 827 modum,

453 857 553 892 nec
576 843 875 892 cohibentes
914 839 1212 892 efferentem
1255 856 1313 891 se
1348 841 1512 891 fortu-

452 931 604 978 nam3
639 925 833 980 quanto
877 919 1034 967 altius
1073 917 1204 966 elati
1235 925 1405 980 erant,
1450 931 1515 966 eo

457 991 646 1043 soedius
671 998 953 1044 corruunt.’
1015 992 1154 1044 Add.
1177 995 1325 1045 Curt.
1352 1007 1441 1044 ιιι.
1465 999 1515 1042 8.

455 1072 537 1118 ⁸4.
603 1067 742 1117 Vell.
767 1073 936 1118 ιι.·70.
953 1073 1003 1118 2.
1040 1069 1186 1118 Suet.
1211 1069 1343 1117 Coes.
1363 1072 1445 1116 60.
1461 1072 1510 1116 2.

455 1151 514 1192 et
557 1143 782 1202 maxime
817 1143 962 1194 Plut.
1006 1144 1206 1194 Lucull.
1245 1148 1344 1214 80.·
1376 1143 1515 1193 Ado.

458 1219 597 1268 Flor.
625 1232 702 1268 ιν.
723 1223 772 1268 2.
807 1223 890 1270 79.
925 1226 982 1269 et
1021 1227 1131 1269 not.
1165 1221 1198 1269 1.
1232 1220 1516 1268 Berneccer.

457 1295 588 1345 Ead.
611 1295 812 1344 ratione
841 1297 1080 1345 Lectant.
1102 1295 1166 1343 ad
1185 1295 1320 1344 Stet.
1336 1309 1398 1345 n.
1413 1295 1515 1344 Th.

455 1375 572 1421 689.
603 1369 620 1397 ⁴
641 1371 808 1420 Parce
831 1371 977 1420 Deis.
1043 1371 1198 1431 Nam,
1233 1371 1320 1435 qui
1343 1361 1518 1419 immo·

457 1445 638 1495 dente
661 1459 753 1494 sus
787 1444 1040 1495 felicitate
1060 1447 1244 1504 utitur,
1279 1445 1519 1495 faventes

457 1521 556 1570 sibi
578 1521 718 1576 Deos
737 1519 960 1583 fatigat!
1026 1519 1105 1570 M.
1122 1519 1244 1570 Seu.
1269 1521 1517 1570 Controv-

457 1607 500 1645 ι.
523 1601 572 1647 8.
605 1595 622 1623 ‘
641 1595 782 1647 Quid
803 1594 1037 1659 fatigate
1078 1593 1320 1645 felicitati
1339 1595 1524 1644 moles·

459 1677 545 1720 tus
595 1685 650 1720 es
669 1670 702 1720 ?’
767 1679 824 1720 et
880 1671 1102 1722 Quintil.
1141 1673 1296 1721 Deci.
1343 1684 1523 1722 ccnxt.

455 1744 472 1772 ⁴
495 1745 726 1794 Fortuna
754 1745 888 1795 solet
911 1743 1126 1810 fatigari
1142 1745 1178 1794 :'
1212 1753 1269 1796 et
1304 1747 1452 1796 Curt.
1469 1759 1523 1797 v.

459 1822 511 1869 ³.
543 1819 560 1846 ‘
581 1819 664 1869 Ne
682 1819 916 1869 victoriae
936 1819 1312 1884 indulgentiam
1333 1818 1523 1883 fatiga-

459 1901 543 1944 ret
561 1894 593 1944 ι’
627 1903 684 1945 et
705 1895 885 1959 Eurip.
903 1895 1060 1945 Rhes.
1083 1900 1198 1946 584.
1247 1896 1390 1958 Ἢμΐν
1407 1897 1446 1944 δ’
1470 1896 1525 1946 οὗ

459 1967 689 2026 βιαστέον
705 1968 882 2031 τύχην.
925 1971 1078 2021 Gron.

529 2049 558 2110 ς
593 2049 656 2095 lo
693 2047 838 2094 Castr
919 2047 1057 2096 solito
1089 2047 1525 2114 magnificentiora]

463 2121 610 2172 Curt.
636 2133 716 2171 ιι.
739 2125 786 2172 3.
809 2125 890 2172 30.
924 2122 1064 2172 Plut.
1089 2121 1238 2174 Alex.
1265 2129 1374 2174 108.
1399 2127 1525 2174 Ber-

461 2211 642 2246 necoer.
680 2197 870 2246 Mirum
889 2199 1026 2260 quod
1041 2198 1075 2249 J
1083 2200 1278 2250 ustinus
1295 2201 1420 2250 nibil
1441 2202 1524 2251 bic

465 2273 534 2321 de
570 2276 648 2322 12.
689 2272 794 2321 aris
833 2272 1000 2334 addit,
1059 2288 1184 2338 quas
1229 2274 1529 2326 Alexander

464 2356 576 2398 tum
615 2342 876 2409 erexerim
912 2364 1128 2413 querum
1160 2357 1333 2401 temen
1378 2352 1525 2402 Curt.

464 2437 548 2473 tx.
577 2427 628 2474 ³.
664 2427 746 2472 19.
791 2429 847 2472 et
883 2421 1091 2475 Arrian.
1127 2439 1179 2477 v·
1213 2425 1527 2476 mentionem

465 2499 696 2552 faciunt:
729 2506 784 2551 et
803 2498 1046 2565 παρόραμα
1065 2501 1164 2552 hoc
1193 2503 1228 2554 J
1234 2503 1390 2553 ustini
1415 2517 1527 2553 esse

465 2586 646 2628 censet
692 2578 973 2627 Blsncard.
1031 2577 1135 2630 Inf.
1191 2584 1364 2628 tamen
1421 2593 1525 2637 ιιι,

466 2657 547 2702 10.
581 2657 632 2702 6.
666 2654 952 2716 separatim
1000 2659 1016 2681 ‘
1041 2667 1243 2703 ararum
1263 2653 1278 2676 ’
1315 2655 1530 2705 mentio-

465 2743 584 2778 nem
605 2729 751 2779 facit.
796 2729 911 2780 Vor.

535 2807 748 2862 Quorum
768 2803 1105 2869 molitionibus]
1151 2806 1404 2858 Qnaenam
1424 2809 1474 2858 h.
1493 2807 1527 2855 l.

463 2882 728 2932 molitiones
749 2887 1030 2946 castrorum,
1064 2890 1118 2933 et
1159 2884 1413 2947 quomodo
1451 2897 1527 2933 eae

465 2963 668 3008 terrent
719 2958 956 3008 hostem?
1044 2959 1164 3008 Scio
1220 2959 1237 2987 ‘
1263 2965 1525 3009 terrenam

464 3033 807 3083 molitionem'
822 3048 910 3097 ap.
929 3035 1128 3083 Colum.
1149 3047 1229 3083 xr.
1249 3038 1297 3083 2.
1315 3041 1371 3084 et
1394 3035 1531 3084 ‘mo-

463 3108 550 3156 liri
598 3108 830 3170 terram,’
863 3109 916 3156 in
960 3108 1130 3171 ejusd.
1171 3111 1342 3172 operis
1375 3107 1527 3173 praef.

465 3183 556 3232 ubi
579 3190 636 3232 et
666 3184 682 3211 ⁶
702 3197 940 3244 agrorum
966 3184 1161 3247 solique
1181 3184 1500 3233 molitionem
1515 3185 1531 3208 '

464 3264 698 3319 usurpet.
763 3258 962 3305 Verum
987 3265 1160 3305 castra
1193 3259 1466 3321 plurimum
1498 3273 1532 3307 a

467 3338 632 3392 terra,
669 3332 798 3388 solo,
835 3331 972 3393 egris
1005 3329 1272 3394 differunt,
1305 3348 1404 3383 nec
1429 3335 1533 3382 ulla

466 3409 604 3456 inter
645 3407 758 3455 haec
802 3405 1106 3455 similitudo.
1195 3408 1368 3458 Quare
1408 3408 1532 3458 mihi

465 3484 674 3550 quidem
716 3483 802 3532 vix
846 3489 930 3532 ent
965 3475 1200 3544 dubium,
1245 3485 1366 3548 quin
1402 3487 1531 3534 scri-

465 3559 621 3609 bend.
663 3558 733 3609 sit
763 3556 1117 3608 munitionibus.
1146 3569 1154 3574 ·
1187 3559 1346 3609 curn
1375 3559 1440 3609 de
1475 3575 1533 3610 re

467 3635 585 3685 ead.
625 3647 710 3684 rx.
731 3639 781 3684 3.
814 3637 828 3661 ‘
850 3633 1176 3682 Munimenta
1198 3625 1400 3698 quoque
1423 3649 1534 3684 cas-

449 3715 661 3763 'trorum
678 3712 838 3776 jussit
855 3710 1106 3760 extendi!
1155 3709 1352 3761 Vitium
1377 3727 1443 3762 ex
1467 3727 1533 3762 eo

466 3795 662 3851 natum,
678 3789 798 3852 quia
821 3786 1026 3836 ratione
1047 3783 1248 3849 veteris
1265 3789 1533 3851 promturi-

465 3863 688 3924 tionibus,
735 3861 1090 3918 monitionibus·
1106 3861 1208 3911 fuit
1227 3857 1526 3928 seriptum,

465 3939 602 4002 quod
627 3938 816 3988 deinde
840 3939 890 3987 in
910 3937 1226 3987 molitionibus
1249 3945 1530 3989 mutarunt.

532 4090 560 4151 ς
597 4093 658 4136 17
695 4088 849 4137 Caesis
890 4088 1117 4150 hostibus,
1170 4103 1273 4137 cum
1317 4089 1535 4150 patah·

465 4162 609 4220 tione,
625 4162 730 4225 δῖα]
789 4163 894 4210 Vix
919 4165 1106 4213 omitto
1129 4162 1420 4212 rescribere
1441 4181 1535 4214 σω-

463 4239 535 4288 sis
575 4236 760 4299 hostiis,
803 4239 1060 4300 quomodo
1095 4237 1320 4288 nobiliss.
1358 4239 1529 4292 Sebis.

1155 393 1371 444 NOTAE
1422 387 1825 444 vAmoRUM
1876 389 1957 440 nt

1592 535 1898 587 emendand.
1921 543 2104 586 censet
2118 533 2255 588 bunc
2276 535 2464 604 locum,
2484 539 2665 590 volen-

1594 612 1731 661 tibus
1759 611 1913 660 etiam
1940 611 2085 662 Curt.
2122 626 2198 661 rx.
2232 617 2282 662 ⁸.
2313 617 2394 664 29.
2450 615 2663 665 Arriun.

1592 687 1687 736 snb
1727 685 1880 735 tinem
1921 686 2041 736 libri
2080 695 2137 736 et
2170 689 2312 738 Plut.
2357 688 2507 740 Alex.
2543 696 2663 742 109.

1590 763 1788 812 Verum
1829 763 1951 827 quin
1986 763 2117 813 Mes.
2162 779 2263 814 non
2299 766 2567 829 addicunt,
2605 775 2666 817 et

1592 851 1717 886 vcro
1764 837 1973 886 hostibus
2014 839 2172 887 etiam
2216 841 2665 906 qualitercumque

1595 913 1878 963 consistere
1920 921 2116 977 potest,
2166 914 2405 966 abstineo
2435 932 2666 968 menum.

1596 991 1876 1038 Be'm’eccer.
1946 991 2119 1041 Credo
2142 1005 2240 1054 ego
2264 1007 2378 1042 cum
2411 993 2582 1043 Sebis.
2604 1001 2663 1044 et

1596 1065 1849 1115 Bernecc.
1892 1066 2097 1129 legend.
2144 1081 2257 1116 esse
2292 1069 2429 1117 coesis
2461 1069 2667 1128 hostiiu

1595 1141 1853 1206 quoniam,
1893 1148 1953 1191 ut
1990 1139 2117 1199 dixi,
2160 1156 2276 1190 aras
2325 1157 2531 1207 quoque
2580 1147 2663 1192 12.

1598 1223 1708 1265 tum
1748 1218 1997 1280 temporis
2043 1225 2248 1268 erectas
2294 1232 2412 1266 esse
2442 1233 2507 1267 ex
2542 1219 2667 1269 aliia

1596 1291 1721 1340 sciri
1766 1298 1958 1354 potest,
2004 1299 2059 1340 et
2102 1291 2330 1354 ipsarum
2372 1293 2663 1343 hostiorum

1598 1380 1847 1415 caesarnm
1872 1367 1957 1416 ulii
1987 1365 2179 1416 diserte
2202 1367 2515 1416 mentionem
2538 1366 2672 1417 faci-

1598 1449 1709 1492 unt.
1778 1443 1903 1505 lpse
1936 1443 2109 1506 phrasi
2148 1443 2379 1492 ‘hostias
2424 1443 2663 1493 caedere’

1598 1532 1713 1580 sup.
1754 1531 1830 1568 xt.
1870 1523 1917 1567 6.
1960 1522 2008 1568 6.
2052 1526 2108 1568 et
2152 1523 2232 1567 lt.
2274 1520 2454 1567 utitur.
2502 1519 2665 1569 Vorse.

1598 1592 1863 1644 Inclinant
1884 1609 2061 1644 omnes
2082 1609 2164 1656 eo,
2182 1594 2317 1660 quod
2336 1609 2429 1659 pro
2452 1596 2671 1645 hostibus

1598 1668 1805 1732 legend.
1826 1671 1895 1719 sit
1919 1671 2116 1719 hostiis.-
2142 1677 2197 1719 at
2211 1677 2506 1735 repugnent
2530 1673 2666 1722 Mes.

1598 1758 1819 1813 omnes„
1886 1746 1956 1794 Et
2008 1745 2212 1794 videtur
2265 1747 2407 1796 aliud
2442 1747 2668 1798 voluisse

1597 1820 1631 1872 J
1638 1819 1855 1880 ustinus,
1872 1835 2023 1885 quam
2042 1823 2175 1886 quod
2200 1831 2431 1886 censent,
2451 1837 2667 1887 respex-

1598 1895 1701 1944 isse
1726 1909 1911 1959 nempe
1934 1897 2354 1960 gratulationem,
2376 1899 2442 1948 de
2462 1913 2567 1963 quo
2588 1913 2672 1948 se-

1598 1970 1789 2034 quitur,
1822 1985 1901 2033 ec,
1938 1972 2105 2034 qualis
2144 1971 2235 2021 ille
2272 1971 2451 2034 fuerit,
2490 1975 2669 2024 verbis

1597 2046 1739 2114 hisce
1760 2047 2071 2111 explicasse,
2108 2048 2346 2097 nimirum
2370 2051 2533 2113 qualis
2558 2049 2673 2099 vic-

1600 2129 1767 2172 torum
1792 2137 1907 2173 esse
1929 2124 2216 2174 consuevi-t.
2261 2124 2510 2174 Sciebant
2528 2126 2670 2174 enim

1602 2200 1750 2248 caesia
1771 2199 2001 2248 hostibus
2024 2214 2087 2248 ac
2124 2197 2413 2263 profligatis
2436 2215 2467 2248 a
2488 2214 2670 2264 pugna

1600 2275 1771 2324 redire
1796 2289 1913 2323 cum
1937 2274 2305 2338 gratulatione,
2340 2276 2376 2326 i.
2398 2291 2448 2324 e.
2482 2275 2673 2326 faustis

1600 2352 1921 2402 clamoribus.
1990 2353 2135 2403 Suet.
2176 2353 2335 2402 Gatb.
2381 2357 2461 2403 19.
2510 2355 2528 2382 ⁸
2555 2352 2673 2418 Op·

1602 2443 1828 2492 pressos,
1848 2428 1933 2493 qui
1953 2429 2409 2493 tumultuarentur,
2422 2428 2673 2479 advenire

1601 2499 1898 2567 frequentes
1928 2513 2137 2553 ceteros
2170 2504 2576 2568 gratulabundos
2612 2511 2673 2554 ct

1600 2577 1655 2627 in
1677 2593 1827 2628 omne
1850 2579 2155 2644 obsequium
2182 2579 2427 2643 paratos!
2493 2581 2671 2644 Vulgo

1604 2654 1924 2715 gratulantes
1946 2654 1997 2702 hi
2020 2661 2141 2703 sunt
2164 2661 2395 2704 ovantes.
2448 2655 2637 2705 Festus
2657 2672 2672 2704 :

1602 2727 1885 2791 ιΟῑιηιιιιεει,
1928 2729 2194 2790 henotes,
2226 2730 2293 2779 ab
2327 2745 2389 2779 oo
2421 2731 2674 2793 clamore,

1605 2817 1756 2867 quem
1801 2802 2001 2852 faciunt
2056 2805 2336 2854 redeuntes
2374 2819 2442 2854 ex
2494 2821 2675 2869 pugna

1605 2877 1827 2928 victores
1872 2879 2097 2928 milites?
2163 2879 2343 2930 Habes
2384 2895 2509 2930 ecce
2550 2897 2677 2931 con-

1604 2953 1927 3002 suetudinem
1954 2955 2234 3004 solemnem
2266 2955 2484 3005 militum
2508 2957 2677 3006 victo·

1604 3043 1718 3078 rum
1741 3043 1807 3078 ex
1845 3043 2022 3092 pugna
2055 3031 2428 3080 revertentium
2449 3033 2675 3082 claman-

1605 3104 1680 3166 di,
1704 3119 1855 3169 quem
1878 3106 2155 3156 clamorem
2177 3107 2265 3156 alii
2300 3109 2317 3136 ‘
2335 3107 2675 3170 ovationem‚’

1604 3181 1721 3229 ulii‘
1739 3181 2162 3244 gratulationem’
2187 3183 2475 3246 appellunt.
2540 3184 2676 3233 Cum

1606 3257 1857 3321 ejusmodi
1880 3272 2006 3321 ergo
2029 3261 2379 3322 gratulatione
2402 3261 2535 3310 dicit
2554 3262 2675 3313 Jus-

1606 3333 1744 3382 tinus
1766 3347 2003 3383 reversos
2024 3335 2077 3382 in
2098 3343 2273 3384 eastra
2296 3337 2487 3386 milites
2512 3335 2678 3386 Alex-

1605 3407 1771 3472 andri,
1800 3415 2043 3473 tanquam
2068 3425 2123 3459 re
2145 3410 2409 3474 confecta,
2431 3411 2677 3477 profliga-

1606 3485 1672 3533 tis
1691 3487 1924 3535 omnibus
1962 3487 2216 3551 hostibus,
2250 3496 2307 3538 et
2340 3503 2477 3538 nunc
2499 3503 2679 3539 rever-

1605 3561 1709 3609 suri
1731 3561 1956 3612 domum.
2021 3563 2253 3626 Legend.
2270 3579 2397 3630 ergo
2414 3579 2500 3629 ap.
2521 3579 2641 3615 eum
2662 3583 2677 3616 ε

1606 3634 1793 3699 Itaque,
1832 3643 1887 3686 ut
1917 3637 2051 3686 caesis
2081 3637 2307 3700 hostibus,
2340 3655 2444 3689 cun
2462 3642 2683 3702 meah-

1604 3713 1730 3762 tione
1750 3713 1802 3762 in
1824 3716 1981 3762 eudem
2002 3719 2159 3765 castra
2180 3721 2499 3766 revertuntur.
2539 3718 2681 3767 Con·

1598 3788 1806 3851 junctio
1842 3795 1895 3838 ut
1930 3789 2105 3853 periit,
2148 3805 2244 3856 per
2285 3791 2679 3842 similitudinem

1606 3863 1899 3914 litterarum
1934 3865 2149 3915 duarum
2174 3867 2228 3917 iu
2250 3868 2503 3918 vocabulo
2528 3881 2683 3933 prox·

1607 3939 1707 3989 im'e
1727 3945 2007 4004 priscique.
2040 3942 2216 3992 Schef.

1672 4015 1735 4064 In
1757 4018 1917 4066 eodem
1934 4017 2253 4080 reverterunt]
2306 4018 2475 4068 Sebis.
2498 4021 2578 4069 eia
2600 4035 2678 4070 ea·

1604 4091 1709 4141 dem
1723 4108 1740 4141 .-
1754 4101 1763 4108 ·
1776 4103 1942 4152 recte,
1958 4099 2049 4138 unt
2064 4091 2214 4140 valde
2230 4090 2387 4142 fallor
2406 4109 2420 4143 ε
2448 4095 2521 4142 itn
2536 4096 2679 4144 enim

1606 4179 1661 4217 et
1704 4169 1851 4218 Curt.
1895 4179 1974 4216 tx.
2016 4171 2066 4216 2.
2108 4171 2191 4216 sl.
2227 4169 2244 4195 ‘
2268 4169 2533 4231 Repetens
2570 4184 2679 4234 quo

1605 4257 1842 4293 emensus
1884 4241 2030 4294 erat?
2076 4241 2356 4293 Ber-necem
2442 4243 2679 4308 Vulgata
