3025 4842
761 378 1153 433 aecensus
1202 382 1631 435 nnn-mum«
1676 386 2008 439 marim.
2307 374 2482 445 M

284 528 589 593 clarissimi
614 530 1046 609 epithematum
1092 531 1153 592 in
1190 532 1375 615 'lh-ogi
1400 533 1646 615 Pompei
1674 533 1948 595 historias
1969 534 2124 597 liber
2149 550 2392 601 xum.
2417 548 2484 601 et

285 628 527 689 ultimus
553 626 805 687 feliciter
829 623 1005 689 finit:
1086 626 1213 688 Fol.
1242 638 1345 691 38.
1373 628 1624 709 legitur:
1669 635 1691 709 ⁸.
1719 628 1816 690 Ad
1843 628 2218 709 magnificum
2245 633 2482 697 Petrum

286 726 539 786 Mariam
565 724 841 785 Rubeum
870 724 1243 785 Par-mensem
1292 725 1556 805 Philippi
1599 726 1872 787 Beroaldi
1915 726 2290 789 Bononiensis
2311 729 2480 809 Epis-

284 821 409 883 tola
427 822 471 894 3'
508 829 648 901 post
690 820 866 898 cujus
897 818 1073 880 finem
1098 820 1303 883 eadem
1330 821 1548 901 pagiua
1571 822 1642 883 L.
1673 822 1828 885 Flori
1854 831 2156 903 gestorum
2171 824 2482 887 ‘Romano-

285 936 415 979 rum
440 909 745 999 e'pithoma
773 915 1003 995 incipit.
1082 916 1155 977 Iu
1181 916 1299 979 fine
1328 918 1522 981 Flori:

532 1014 729 1075 Aurea
752 1012 789 1072 J
793 1010 968 1073 ustini
997 1011 1263 1091 Lucique
1290 1013 1656 1092 epithemata
1679 1012 1814 1075 flori

612 1108 750 1169 AEre
778 1107 887 1169 tibi
914 1107 1147 1169 modico
1172 1108 1430 1170 candide
1454 1108 1644 1169 lector
1669 1128 1822 1170 eme.

533 1199 843 1265 Contrahit
868 1204 981 1265 iste
1005 1202 1133 1264 Titi
1149 1222 1459 1265 numerosa
1476 1203 1777 1265 volumina
1804 1204 1956 1269 Livi.

615 1300 881 1381 Pompeii
906 1300 1181 1361 historias
1208 1300 1432 1379 colligit
1457 1301 1560 1361 ille
1581 1300 1793 1381 Trogi.

532 1396 731 1467 Quam
760 1394 911 1457 bene
936 1395 1281 1475 conjuncti:
1324 1414 1541 1476 nempe
1566 1394 1666 1456 hic
1693 1396 1798 1456 ubi
1823 1394 2077 1459 desinit:
2119 1396 2216 1459 ille

614 1489 869 1570 Incipit:
910 1500 1096 1571 atque
1124 1511 1303 1553 uuum
1330 1510 1485 1573 pene
1510 1492 1752 1555 uidetur
1775 1512 1950 1572 opus.

535 1586 669 1647 Rite
695 1586 1036 1667 recognovit
1064 1605 1217 1667 quos
1241 1587 1598 1649 justinianus
1627 1586 1707 1649 ad
1734 1606 1992 1669 unguem

608 1682 934 1746 Romanus.
979 1682 1142 1745 Felix
1170 1682 1364 1745 lector
1388 1684 1576 1744 amice
1600 1683 1771 1745 Vale.

294 1778 315 1828 ἐ
342 1773 623 1836 venetiis.
667 1792 749 1837 ιι.
776 1792 1169 1841 ccccxcvu.
1194 1776 1292 1837 die
1320 1793 1481 1839 vm.
1510 1778 1889 1839 uouembrisl
1923 1778 2072 1857 (siue
2117 1777 2353 1839 nomine
2391 1787 2486 1859 ty·

296 1870 495 1949 pogr.)
570 1872 723 1933 Haec
768 1873 991 1955 excipit
1016 1874 1283 1954 Epistola
1309 1874 1591 1937 Sabellici
1617 1874 1694 1935 ad
1723 1875 2158 1937 Contamum:
2202 1880 2223 1911 ⁸
2249 1873 2489 1935 Marcus

296 1966 591 2028 Antonius
616 1968 945 2031 Sabellicus
968 1968 1067 2031 Jo.
1108 1970 1399 2033 Mattbmo
1443 1972 1775 2035 contareno
1801 1970 1928 2031 viro
1951 1970 2196 2050 patritio
2219 1969 2489 2031 salutem.

299 2062 645 2143 Recoguovi
687 2064 779 2126 his
826 2065 1031 2145 paucis
1079 2064 1297 2127 diebus
1336 2066 1590 2131 Justiui:
1631 2076 1694 2129 et
1735 2066 1904 2129 Lucii
1945 2065 2102 2127 Flori
2137 2064 2450 2146 Epitomen
2469 2082 2492 2127 t

300 2158 549 2241 fuitque
574 2180 649 2223 ea
669 2160 817 2223 mibi
856 2157 1035 2223 lectio
1074 2154 1285 2242 parom
1315 2162 1612 2243 jucunda,
1651 2181 1774 2226 non
1819 2162 1962 2243 quia
2000 2180 2118 2223 nou
2143 2168 2393 2241 uterque
2419 2159 2496 2221 sit

299 2256 604 2319 amabilia:
643 2266 709 2319 et
733 2266 801 2320 ut
826 2258 925 2320 hic
952 2278 1027 2321 ex
1053 2258 1201 2321 Livii
1226 2259 1537 2339 maiestate
1563 2259 1814 2321 multum
1853 2256 2110 2319 referens
2131 2276 2152 2319 :
2193 2257 2276 2317 ita
2297 2256 2394 2317 ille
2417 2275 2496 2317 ex

298 2350 485 2433 Trogi
522 2352 829 2431 gravitate.
908 2355 1127 2415 Verum
1168 2372 1425 2417 romaum
1445 2374 1466 2417 :
1510 2354 1962 2435 peregrinaque
2007 2351 2264 2414 historin
2289 2350 2496 2433 imagi-

300 2464 439 2509 nem
478 2448 638 2509 velut
673 2447 905 2528 duplici
944 2448 1163 2525 tabella
1204 2449 1450 2512 intuitus
1475 2468 1596 2511 nou
1625 2451 1750 2511 siue
1775 2448 1982 2511 dolore
2008 2449 2188 2509 animi
2215 2447 2498 2513 admoue-

302 2544 447 2609 bat:
496 2550 785 2623 quantum
813 2544 874 2603 iu
902 2542 1139 2605 duobus
1164 2543 1329 2618 viris,
1362 2563 1614 2624 quorum
1634 2544 2074 2613 hilinfflmenta
2100 2544 2292 2605 verius
2317 2562 2496 2623 quam

305 2648 516 2721 typum
542 2657 925 2719 expressere:
964 2638 1224 2701 amiserit
1248 2640 1591 2719 posteritas.
1670 2640 1966 2721 Caeterum
1991 2637 2044 2699 si
2067 2638 2324 2702 fatorum
2346 2640 2498 2701 invi·

304 2734 401 2797 dia
425 2755 499 2797 ea
522 2734 637 2797 fuit
664 2744 733 2797 ut
754 2743 922 2797 tauta
948 2736 1253 2797 hominum
1299 2737 1497 2799 indole
1545 2738 1876 2805 necessario
1917 2753 2293 2797 careremus:
2335 2733 2498 2799 haud

307 2832 557 2913 vulgaris
585 2831 771 2913 gratia
793 2831 1047 2893 debetur
1072 2830 1203 2893 his:
1247 2850 1355 2911 per
1402 2849 1550 2913 quos
1591 2831 1830 2893 demum
1867 2829 2176 2891 consecuti
2201 2847 2406 2891 sumus
2431 2837 2502 2897 ut

306 2928 505 2989 sinon
530 2947 785 3008 corpus:
826 2927 1139 3007 imaginem
1185 2927 1391 2991 saltem
1436 2936 1726 2989 tantarum
1769 2924 2242 2987 lucubrationum
2271 2932 2502 2985 tenere·

308 3042 481 3085 mus:
522 3042 887 3104 quamquam
925 3024 1104 3103 (proh
1130 3021 1325 3098 dolor)
1351 3042 1425 3083 ue
1452 3022 1604 3085 hauc
1632 3021 1872 3102 quidem
1902 3022 2172 3083 umbram
2198 3018 2314 3079 nisi
2339 3036 2502 3081 meu·

309 3118 556 3181 dosam:
600 3118 909 3182 claudam:
954 3128 1017 3181 et
1060 3129 1441 3200 corruptam:
1481 3120 1849 3183 librariorum
1897 3117 2024 3180 aive
2065 3114 2336 3178 inscitia:
2379 3114 2503 3177 sive

310 3214 537 3276 incuria
579 3215 660 3277 ad
706 3224 979 3297 posteros
1024 3215 1356 3279 transuiisit.
1440 3216 1581 3277 Scio
1622 3234 1737 3297 ego
1767 3215 1974 3277 -virum
2013 3212 2200 3274 nostri
2227 3212 2507 3291 temporis

312 3311 548 3391 iugenio
567 3321 630 3374 et
649 3311 981 3375 eruditione
1022 3308 1327 3371 florentem
1369 3309 1752 3389 [Beroaldum
1780 3311 2067 3372 seniorem
2095 3307 2268 3386 dicit]
2295 3308 2356 3369 iu
2386 3308 2504 3369 hoe

314 3408 567 3469 multum
590 3425 791 3487 opera:
814 3405 1181 3477 adhibuisse,
1217 3413 1286 3466 ut
1334 3404 1540 3466 Florus
1565 3405 1694 3484 ipse
1717 3424 1898 3486 quam
1926 3404 2394 3480 emendatissime
2419 3406 2507 3468 le·

316 3511 587 3583 geretur:
629 3502 735 3565 sed
764 3504 858 3565 vel
878 3523 988 3565 suo
1014 3501 1193 3583 ipsius
1210 3500 1483 3580 judicio:
1527 3502 1620 3563 vel
1647 3502 1808 3580 quod
1837 3503 2024 3583 magis
2051 3500 2232 3563 credo
2256 3501 2507 3562 libraria

315 3596 568 3662 officina:
595 3599 740 3661 vitio
766 3618 975 3679 parum
1000 3598 1165 3677 quod
1209 3597 1393 3660 voluit
1441 3598 1674 3660 effecit:
1718 3598 1900 3670 Quod
1924 3607 1990 3659 tu
2015 3599 2104 3659 vir
2127 3595 2509 3659 eruditissime

314 3694 398 3757 ita
417 3715 543 3757 esse
570 3696 749 3757 facile
773 3694 1211 3776 deprehendes:
1253 3695 1305 3755 si
1332 3696 1591 3757 recentia
1609 3694 1963 3775 exemplaria
1988 3692 2124 3769 (nisi
2141 3710 2252 3771 ego
2267 3707 2510 3770 quoque

316 3791 452 3875 pari
478 3790 686 3855 fraude
726 3812 859 3853 sum
899 3792 1213 3871 deceptus)
1251 3811 1390 3853 cum
1434 3790 1727 3853 veteribus
1773 3790 1888 3850 illis
1929 3786 2266 3849 contuleris.
2345 3784 2512 3845 Nihil

316 3890 476 3951 euim
502 3889 665 3969 quod
690 3888 769 3953 ad
788 3907 921 3951 eam
944 3886 1399 3967 recognitionem
1414 3888 1724 3949 attineret:
1769 3903 1904 3965 quse
1920 3880 2352 3961 diligentissima
2377 3898 2509 3941 ease

318 3983 552 4063 potuit:
594 4002 633 4045 a
674 4004 768 4046 me
815 3982 1273 4063 praetermissum
1316 3989 1505 4063 puto:
1563 4001 1674 4042 nec
1717 3978 2012 4041 Antonius
2060 3977 2383 4048 Muretus?
2423 3974 2512 4037 vir

320 4098 553 4143 summa
579 4078 916 4159 diligentia:
957 4097 1029 4140 ac
1055 4096 1235 4158 supra
1262 4096 1441 4155 quam
1468 4076 1592 4137 dici
1627 4076 1818 4155 possit
1848 4081 2202 4135 accuratus:
2241 4070 2512 4153 gerenda

320 4178 407 4238 rei
433 4175 663 4239 defuit:
704 4175 809 4239 aed
840 4176 921 4239 sic
950 4195 1061 4257 ego
1088 4174 1321 4237 evenire
1361 4173 1646 4235 arbitror:
1689 4180 1758 4235 ut
1797 4170 1937 4243 nihil
1976 4167 2138 4249 quod
2185 4178 2224 4230 a·
2263 4166 2512 4236 uolenti·
