3025 4842
481 326 613 393 896

487 484 672 535 ultimo
705 481 902 531 dimisit
935 476 1190 543 alloquio?

487 562 568 611 ed.
587 558 787 618 dimisit,
805 558 958 605 male.

553 635 669 698 §12
695 632 1044 693 Obsemtisque,
1065 627 1171 692 lfa]
1213 628 1368 677 Oros.
1390 629 1542 677 Free.

489 716 646 772 atque
665 708 910 757 vincent.
963 696 1086 755 ‘Ac
1118 704 1307 754 deinde
1337 702 1545 767 (deman

1167 328 1382 384 No'rAE
1431 333 1524 382 VA
1542 330 1829 381 motum
1854 330 1959 377 ··1N

1247 476 1541 527 Novissima
1620 474 1775 522 etim
1806 470 1944 533 fillis,
1966 466 2139 534 gladio
2158 468 2387 520 dolorem
2409 468 2677 533 vitamque

1618 546 1823 597 finivit-⁹

1686 624 1894 673 Mortem
1914 622 2009 671 sibi
2028 620 2279 683 conscivit]
2314 621 2514 669 Ἑαυτοῦ
2533 636 2679 669 κατα-

1620 698 1760 762 γνοὺς
1772 696 1988 760 maror,
2004 696 2372 762 ἄπεκαρτέρησε,
2385 697 2542 747 Diod.
2560 708 2597 745 x
2605 710 2663 745 tv
2672 732 2684 745 .

488 781 668 847 Vinc.)
709 782 961 833 obseratis
991 780 1186 845 jannis,
1221 778 1547 841 exclusisque
1622 780 1707 827 77.
1748 776 1909 837 Bong.

1276 1231 1611 1310 LIBER
1665 1228 1874 1303 XX.

569 1444 831 1507 CAP.1.§
864 1447 885 1493 l
933 1437 1218 1504 Dionysius]
1259 1438 1376 1489 Quo
1398 1442 1556 1501 pacto

501 1522 584 1571 bic
609 1520 788 1571 Sicilia
818 1518 1024 1567 devicta
1047 1516 1254 1565 Italiam
1287 1525 1557 1577 aggressus

503 1596 589 1657 sit,
611 1596 712 1660 leg.
739 1593 894 1643 Diod.
919 1605 1034 1642 xiv.
1077 1592 1236 1651 Bong.

543 1698 546 1703 -
574 1671 735 1720 Grave
766 1668 935 1731 otium]
979 1679 1162 1715 xxxv.
1187 1669 1232 1713 l.
1257 1668 1304 1712 1.
1344 1662 1478 1711 Veli.
1497 1674 1560 1710 11.

503 1749 588 1795 78.
611 1749 662 1794 4.
715 1744 731 1771 ⁴
757 1743 955 1802 Cesar,
977 1754 1040 1789 ne
1076 1753 1160 1787 res
1181 1736 1462 1798 disciplina
1483 1737 1557 1784 in-

506 1818 803 1870 imicissima
845 1816 1005 1866 otium
1041 1819 1397 1875 corrumperet
1431 1810 1559 1859 mili-

506 1903 633 1957 tem,
647 1892 845 1944 crebris
858 1888 1290 1953 expeditionibus,
1311 1886 1563 1949 patientia

509 1968 875 2033 periculorum,
948 1964 1170 2025 bellique
1239 1960 1565 2023 experientia

508 2043 730 2093 durabat
768 2037 1092 2090 exercitum?
1177 2038 1296 2086 Seu.
1341 2038 1440 2099 Ep.
1479 2040 1563 2087 66.

507 2120 522 2144 ⁴
540 2116 718 2178 Magni
731 2117 1090 2177 imperatores,
1102 2124 1216 2159 cum
1231 2111 1362 2159 male
1379 2124 1562 2172 parere

509 2190 726 2241 militem
746 2188 941 2249 vident,
957 2188 1127 2248 aliquo
1141 2186 1318 2235 labore
1335 2200 1565 2249 compes-

513 2269 657 2324 cunt,
719 2269 777 2310 et
834 2260 1251 2323 expeditionibus
1309 2260 1565 2309 detinent.

514 2339 792 2401 Nunquam
837 2343 989 2384 vacat
1017 2334 1254 2384 lascivire
1287 2335 1567 2385 districtis:

513 2414 742 2475 nihilque
777 2419 883 2460 tam
921 2418 1120 2459 certum
1154 2419 1255 2471 est,
1287 2426 1438 2475 qnam
1471 2412 1569 2460 otii

517 2488 644 2537 vitis
663 2485 872 2551 negotio
888 2484 1109 2534 discuti.'
1175 2482 1312 2536 Add.
1328 2486 1472 2533 Curt.
1491 2499 1569 2535 vt.

514 2568 566 2613 6.
592 2564 672 2611 14.
689 2568 745 2609 et
764 2572 884 2608 νιιι.
903 2564 952 2609 9.
975 2564 1023 2608 1.
1087 2560 1276 2609 Victor
1293 2562 1358 2609 de
1376 2561 1569 2609 Coesur.

515 2642 597 2687 86.
629 2636 840 2687 ‘Otium
857 2636 1078 2685 militum
1092 2641 1383 2699 suspectum
1399 2633 1571 2698 Reip!

518 2711 672 2762 Bm.

583 2788 613 2851 ς
649 2791 682 2836 2
723 2758 1041 2848 Aruerentur]
1095 2783 1274 2834 Utitur
1316 2799 1380 2834 eo
1420 2784 1577 2833 simili

515 2862 697 2912 Florus
719 2875 780 2912 11.
803 2866 850 2911 6.
871 2866 922 2911 3.
983 2862 1134 2911 ‘Nec
1169 2861 1322 2909 aliter
1355 2868 1573 2924 utraque

517 2945 692 2999 gente,
733 2938 878 3001 qussi
915 2944 1034 2987 cote
1069 2936 1308 3000 quadam,
1340 2936 1573 2999 Populus

516 3014 668 3063 Rom.
712 3012 906 3062 ferrum
939 3026 1042 3060 sure
1081 3005 1282 3061 virtutis
1313 3010 1575 3063 acuebat!

583 3168 612 3228 ς
635 3169 684 3215 6.
708 3167 757 3213 4.
783 3163 860 3228 6.]
897 3164 966 3213 Hi
1003 3164 1128 3214 dicti
1167 3178 1268 3213 non
1294 3163 1434 3227 Itali,
1452 3178 1577 3228 qno-

517 3239 669 3287 modo
689 3240 841 3301 prisci
859 3246 914 3288 et
929 3239 1159 3301 germani
1178 3238 1348 3288 Italiae
1369 3239 1574 3301 populi:

519 3312 612 3360 sed
637 3312 882 3373 ltaliotae,
902 3313 1037 3376 quod
1062 3322 1236 3362 essent
1253 3313 1502 3363 eGraecia
1524 3313 1577 3361 in

521 3387 728 3436 Italiam
769 3387 1064 3436 adventitii:
1123 3389 1275 3438 sicuti
1321 3388 1579 3437 Siciliotas

520 3467 576 3508 et
602 3459 869 3509 Phthiotas
890 3474 921 3507 a
951 3460 1137 3510 Siculis
1170 3470 1224 3511 et
1249 3462 1448 3511 Pbtbiis
1481 3464 1581 3511 ‹lis-

521 3533 865 3583 criminamus.

521 3609 769 3673 losopbiae
809 3608 1067 3673 quoddam
1119 3624 1278 3672 genus
1321 3609 1582 3671 Italicum,

521 3686 662 3751 quod
718 3691 930 3734 anctore
979 3683 1272 3746 Pythagora
1325 3684 1496 3733 Samio
1550 3699 1583 3733 a

523 3761 724 3811 Graecis
742 3758 794 3808 in
812 3759 970 3809 ltalia
983 3760 1082 3807 coli
1098 3758 1360 3821 coepisset.
1382 3760 1581 3808 Horum

521 3839 650 3889 item
693 3844 845 3887 erant
896 3838 912 3865 ‘
938 3835 1140 3886 ltalicae
1186 3834 1412 3884 inensae’
1455 3836 1581 3885 luxu

523 3912 760 3974 infames,
783 3913 850 3961 de
872 3911 1056 3976 quibus
1078 3912 1215 3960 Plat.
1242 3912 1339 3975 Ep.
1363 3914 1413 3962 7.
1437 3918 1490 3963 et
1513 3927 1579 3961 ex

527 4001 588 4036 eo
611 3988 725 4037 Cic.
749 3988 904 4037 Tusc.
927 4001 981 4037 ν.
1006 3990 1085 4036 65.
1119 3988 1274 4036 Bern.

593 4062 621 4121 ς
659 4063 692 4109 6
747 4062 964 4123 Vestigia
1010 4061 1174 4111 (ἔτ-αισι·
1224 4060 1392 4125 moris]
1459 4061 1579 4115 vid.

527 4133 744 4185 Gruteri
766 4136 898 4187 Diss.
915 4141 996 4189 46.
1016 4138 1079 4189 ud
1101 4138 1222 4187 Tac.
1279 4138 1356 4185 Id.

935 3532 1074 3582 Hinc
1109 3535 1426 3597 appellatum
1459 3536 1584 3584 Phi-

1700 1434 1730 1497 ξ
1762 1437 1793 1482 7
1833 1432 2086 1481 Tuscorum
2109 1430 2297 1495 popula]
2361 1430 2642 1493 Tyrrheni,
2662 1446 2695 1480 a

1633 1509 1899 1571 Tyrrheno
1932 1509 2063 1573 Atys
2103 1507 2173 1557 fit.
2209 1506 2449 1556 Herculis
2486 1514 2691 1570 nepote.

1635 1583 1829 1634 Strabo
1854 1598 1905 1633 v.
1928 1583 2111 1633 ceteri.
2156 1582 2279 1633 Seu.
2298 1581 2361 1630 ad
2386 1580 2693 1631 Albinam&

1637 1661 1653 1688 ‘
1676 1660 1872 1708 Tuscos
1892 1657 2018 1707 Asia
2030 1657 2130 1707 sibi
2148 1656 2420 1707 vendicat)
2456 1656 2542 1706 Cf.
2560 1657 2695 1706 hunc

1639 1736 1675 1785 l.
1700 1749 1817 1785 cum
1840 1734 1999 1785 Solini
2038 1747 2153 1796 cap.
2177 1736 2226 1781 8.
2280 1732 2400 1781 Vid.
2436 1738 2491 1781 et
2515 1733 2698 1795 virgil.

1640 1824 1681 1860 1.
1722 1824 1823 1859 vu.
1862 1816 1918 1858 et
1956 1821 2039 1859 ιι.
2072 1808 2189 1859 AEn.
2222 1814 2281 1857 et
2320 1808 2443 1859 Tac.
2490 1822 2571 1859 tv.
2614 1814 2697 1858 ⁶³.

1643 1886 1801 1945 Bong.

1705 1960 1753 2009 Δ
1790 1956 1967 2023 Lydia]
2014 1958 2101 2007 Sic
2138 1964 2193 2007 et
2228 1957 2368 2009 vell.
2410 1970 2447 2006 1.
2488 1960 2533 2006 1.
2550 1961 2603 2007 9.
2642 1962 2699 2007 et

1644 2038 1725 2083 10.
1760 2033 1987 2097 Appian.
2027 2032 2214 2082 Punic.
2248 2045 2300 2093 p.
2322 2034 2401 2081 ³⁵.
2434 2046 2481 2081 e.
2516 2032 2699 2081 etalii.

1644 2110 1861 2172 Dionys.
1921 2115 2093 2158 tamen
2132 2122 2173 2158 ι.
2224 2112 2307 2157 20.
2359 2108 2560 2159 Tuscos
2600 2122 2703 2159 nun

1646 2183 1915 2243 advenum,
1970 2182 2063 2232 sed
2116 2182 2407 2247 indigenam
2478 2190 2703 2245 genta,

1644 2272 1743 2307 nec
1760 2258 1906 2307 vanis
1930 2258 2265 2319 argumentis,
2282 2256 2431 2307 facit.
2484 2259 2639 2308 Ber-n.

1710 2336 1739 2397 §
1782 2337 1813 2382 8
1859 2332 2079 2395 Venetos]
2137 2332 2249 2382 Hos
2270 2348 2301 2382 a
2322 2333 2543 2383 devictis
2570 2334 2703 2383 Tro-

1637 2410 1776 2473 jnnis
1798 2417 1939 2458 ortos
1952 2408 2032 2473 (et
2056 2424 2169 2473 quae
2186 2423 2287 2457 non
2308 2422 2435 2473 gens
2456 2410 2703 2473 originem

1650 2486 1770 2535 inde
1812 2485 2062 2534 mentitur
2082 2485 2126 2549 ἓ)
2182 2492 2417 2535 arictores
2472 2486 2707 2548 plerique

1648 2576 1765 2609 cnm
1813 2560 2009 2609 Nostro
2051 2560 2293 2609 tradunt:
2350 2567 2411 2609 ut
2452 2561 2586 2611 Cato
2622 2574 2707 2624 ap.

1650 2635 1786 2683 Plin.
1826 2649 1914 2685 ιιι.
1960 2639 2038 2684 19.
2100 2636 2272 2685 Livius
2312 2650 2352 2684 ι.
2400 2640 2447 2685 1.
2485 2640 2538 2687 2.
2570 2641 2627 2685 et
2656 2640 2707 2686 3.

1650 2711 1835 2773 virgil.
1862 2711 1975 2760 AEn.
1994 2726 2035 2763 1.
2058 2716 2173 2762 246.
2207 2713 2300 2763 Sil.
2326 2728 2450 2765 vm.
2469 2720 2584 2766 664.
2608 2720 2709 2766 dte.

1650 2784 1820 2835 Strab.
1857 2792 2029 2835 tamen
2062 2800 2140 2837 iv.
2173 2801 2225 2851 p.
2249 2792 2361 2839 184.
2394 2788 2430 2840 f.
2464 2790 2608 2841 eosd.
2642 2791 2711 2839 ab

1654 2860 1851 2918 Encas,
1888 2862 2075 2911 Galliae
2110 2864 2335 2927 populis,
2374 2864 2595 2915 Oceano
2628 2880 2713 2915 ue-

1652 2935 1798 2996 colis,
1825 2935 2155 2987 descendisse
2185 2940 2505 2989 verisimilius
2543 2948 2715 3005 putot.

1654 3011 1740 3061 Ab
1760 3013 1941 3062 Enctis
1982 3027 2135 3075 porro
2166 3014 2299 3063 dicti
2330 3016 2541 3079 Veneti,
2574 3017 2715 3065 sicut

1653 3086 1719 3137 nb
1760 3083 1877 3135 οἶνος
1929 3090 1946 3118 ⁶
1971 3088 2179 3149 vinnm,'
2220 3094 2279 3139 et
2312 3089 2509 3139 similis.
2572 3090 2713 3139 Add-

1654 3163 1873 3225 Dionys.
1896 3177 1936 3211 1.
1960 3168 2041 3213 2⁰.
2086 3164 2165 3213 Id.

1720 3240 1749 3302 §
1798 3242 1829 3286 9
1867 3237 2047 3299 Adria]
2124 3238 2257 3289 Qua
2312 3238 2601 3289 Ptolemoeo
2656 3246 2717 3288 et.

1656 3312 2091 3363 emendatioribus
2114 3313 2273 3361 Plinii
2304 3312 2461 3362 codd.
2484 3313 2719 3363 Hei-mol.

1660 3387 1891 3435 Barbare
1942 3387 1993 3435 in
2038 3387 2236 3451 Castig.
2282 3396 2437 3449 teste,
2485 3386 2719 3437 ‘Atria'

1655 3460 1839 3524 Αἰθρίωο
1857 3474 2057 3526 quoque
2085 3462 2279 3511 dictam
2302 3470 2361 3512 et
2392 3477 2425 3511 a
2456 3462 2719 3515 Diomede

1656 3535 1817 3586 fuisse
1861 3537 2141 3598 conditum,
2196 3544 2343 3587 notat
2385 3537 2713 3598 Stephanus:

1658 3614 2003 3661 Romanorum
2026 3612 2279 3661 coloniam
2290 3611 2421 3673 facit
2435 3612 2551 3661 Liv,
2575 3613 2725 3674 Epit.

1658 3700 1737 3739 ιι.
1792 3689 1873 3738 Id.

1722 3766 1971 3815 Adriatico
1992 3765 2116 3814 mari
2134 3780 2297 3814 nomen
2317 3765 2475 3829 dedu]
2532 3764 2615 3813 Id.
2649 3762 2729 3813 af·

1657 3838 1865 3889 firmant
1887 3838 2074 3903 Polyb.
2097 3855 2162 3890 ιι.
2198 3844 2277 3891 14.
2334 3842 2449 3891 Liv.
2480 3855 2533 3889 v.
2564 3843 2703 3889 διδ

1660 3914 1833 3963 Strab.
1846 3928 1903 3962 v.
1920 3928 1969 3976 p.
1982 3916 2095 3963 148.
2130 3914 2265 3964 ΡΙίιι.
2277 3927 2366 3965 ιιι.
2382 3919 2460 3965 16.
2484 3914 2723 3963 Eustatb.

1661 3990 1716 4039 in
1761 3988 1979 4052 Dionys.
2022 4004 2075 4051 p.
2100 3992 2181 4039 19.
2220 4003 2298 4051 pr.
2328 4003 2545 4053 quorum
2580 3992 2723 4037 cont.

1661 4077 1965 4113 consensum
2006 4064 2134 4113 nihil
2184 4064 2323 4113 valet
2360 4078 2491 4113 imus
2543 4062 2726 4112 Aurei.

1658 4140 1843 4189 Victor
1878 4140 1932 4187 in
1956 4140 2056 4190 AEl.
2112 4139 2361 4204 Adriano,
2396 4140 2535 4189 bunc
2566 4140 2727 4189 bono-
