3025 4842
1052 405 1134 454 IN
1183 405 1600 462 JUS'HNUM.

298 537 521 592 sufficere
542 539 655 607 (pro
676 544 952 598 substituere
972 549 1019 598 in
1044 551 1198 603 locum
1220 555 1287 606 xl-

234 605 396 664 terius,
433 607 633 722 eliger?
683 609 777 667 xxi,
817 616 864 669 1,
906 619 949 662 1.
982 618 1091 674 xxii,
1122 624 1169 675 l,
1209 626 1289 670 12.

231 669 359 726 xxix,
406 677 453 726 1,
490 675 523 720 6
618 673 788 722 reinsb.
842 678 1049 729 sufficere
1092 683 1140 730 in
1182 684 1289 734 loca

231 747 411 792 eorum,
432 736 605 798 quibus
638 753 830 801 regnum
864 743 1107 803 ademeris,
1140 763 1288 798 novos

229 811 363 860 reges
394 799 459 854 xi,
487 804 565 857 10,
585 806 616 850 7
666 802 873 854 sufficere
910 809 1007 855 urbi
1041 812 1285 861 abundan-

228 859 343 907 tiam
364 877 517 910 rerum
536 866 649 928 (pro
668 870 997 932 suppeditare)
1038 874 1147 932 xliv,
1184 881 1229 932 1,
1252 883 1285 926 4

228 925 457 976 suffectus
490 928 635 977 alicui
668 931 787 994 (boc
815 941 903 991 est,
938 937 1283 997 subordinatus,

227 988 281 1035 in
322 989 479 1040 locum
513 993 701 1042 ulterius
742 996 949 1064 electus)
998 1017 1042 1059 v,
1065 1008 1116 1060 6,
1142 1008 1185 1053 1.
1218 1006 1281 1063 xi,

230 1057 312 1108 10,
334 1058 365 1102 7
400 1055 558 1104 Vorst.

293 1117 517 1182 Suffigere
537 1122 749 1184 patibulo
781 1125 891 1182 xxii,
908 1131 959 1182 7,
980 1132 1027 1177 8.
1060 1147 1165 1188 xxx,
1181 1134 1231 1189 2.
1247 1136 1279 1182 7

224 1181 379 1245 suffigi
402 1184 451 1230 iu
472 1201 657 1234 crucem
688 1188 816 1244 xviii,
836 1194 885 1249 7,
906 1196 967 1240 15

291 1245 559 1296 suffocatus
590 1249 653 1306 iv,
678 1255 725 1307 1,
750 1257 811 1301 15

290 1311 571 1374 Suffragium
602 1315 637 1371 i,
662 1320 741 1370 10,
778 1321 841 1366 21
874 1317 1017 1368 tacita
1058 1321 1281 1387 suffragia

220 1374 333 1430 xxii,
352 1380 401 1432 ³,
423 1381 474 1425 6.
506 1377 617 1434 xxii,
634 1384 763 1436 7,10

290 1438 535 1503 Sugambri
554 1441 805 1492 vincuntur
818 1445 879 1492 ab
892 1445 1163 1497 Alexandro
1198 1451 1279 1511 xii,

288 1567 375 1616 Sui
391 1586 405 1615 ε
424 1583 514 1618 nee
533 1569 629 1618 suis
648 1573 862 1634 pepereit
888 1574 965 1638 (id
994 1581 1081 1634 est,
1104 1593 1279 1641 cogns-

218 1630 309 1694 tis)
340 1631 405 1687 xi,
427 1639 476 1688 5,
500 1639 531 1683 2
584 1637 832 1684 comitibus
874 1641 970 1686 suis
1004 1655 1278 1704 responsum

217 1696 335 1759 (pro
376 1695 528 1759 illius)
560 1700 626 1755 xi,
649 1704 730 1757 11,
752 1704 812 1750 11
845 1704 1157 1766 (reciprocum
1193 1722 1277 1770 pro

216 1759 524 1809 demonstrat.
561 1762 688 1811 vide
708 1779 814 1827 exp.
832 1771 879 1814 5.
903 1766 984 1814 lib.
1000 1769 1061 1816 de
1083 1769 1274 1820 Latinit.

216 1823 255 1872 f.
294 1825 450 1889 susp.)
472 1826 629 1874 Vorst.
660 1828 721 1874 sd
756 1844 864 1876 suos
880 1831 954 1894 (id
989 1839 1079 1889 est,
1096 1834 1275 1912 socios)

214 1887 379 1946 xxxiii,
413 1894 463 1947 2,
500 1895 534 1939 4
566 1892 627 1939 sd
666 1907 751 1940 sus
786 1893 1085 1944 defendenda
1116 1899 1275 1958 xxviia,

214 1958 269 2010 2,
292 1957 340 2002 7.
362 1953 461 2009 xlii,
479 1959 525 2010 1,
538 1959 563 2003 1

285 2015 429 2065 Sulco
450 2033 655 2081 quarere
673 2020 907 2069 frumenta
938 2022 1050 2081 xliv,
1072 2029 1124 2081 4,
1145 2031 1206 2077 11

285 2080 598 2144 sulphureum
620 2083 769 2131 solum
790 2085 997 2134 Siculum
1031 2091 1095 2146 iv,
1112 2095 1161 2147 1,
1176 2095 1207 2140 8

282 2145 519 2209 Sulpicius
532 2148 697 2196 consul
707 2155 869 2198 contra
881 2149 1103 2200 Perseum
1118 2153 1274 2214 xxxiii,

279 2274 473 2323 Sumere
488 2291 613 2323 anus
632 2275 685 2332 ii,
707 2281 759 2334 4,
778 2282 811 2326 4
833 2291 1045 2336 corones,
1064 2297 1276 2345 unguen-

212 2347 267 2386 ta
300 2336 479 2395 ix‚⁴,1
530 2355 709 2388 sumere
747 2350 921 2389 vestem
958 2342 1144 2407 longum
1190 2347 1274 2405 xii,

211 2407 267 2460 3,
304 2408 339 2453 9
370 2405 484 2466 (pro
526 2417 621 2466 quo
642 2405 787 2466 paulo
818 2413 927 2453 ante
962 2413 977 2435 ‘
998 2411 1273 2474 assumere')

210 2467 373 2516 Vom-
414 2482 595 2515 sumere
615 2469 769 2516 eibum
790 2471 873 2525 xii,
891 2474 941 2526 8,
959 2475 992 2519 6
1025 2472 1273 2520 consilium

209 2548 271 2580 ex
296 2531 454 2594 alique
472 2547 521 2580 re
554 2533 648 2588 xiv,
674 2537 721 2589 1,
744 2535 775 2580 8
808 2540 983 2580 vestem
1027 2535 1269 2598 lugubrem

210 2596 311 2652 xiv,
332 2601 385 2652 6,
400 2599 435 2644 6
464 2597 669 2659 spatium
689 2594 825 2644 trium
845 2597 1071 2646 mensium
1104 2600 1154 2648 in
1185 2599 1271 2647 sli-

210 2660 331 2724 quid
365 2659 494 2716 xviii,
514 2665 565 2718 6,
596 2666 629 2710 6
674 2661 725 2706 in
760 2675 926 2709 manus
964 2662 1107 2710 altare
1146 2664 1271 2723 xxiv,

208 2729 261 2781 2,
287 2729 323 2774 8
350 2723 528 2772 virilem
550 2724 794 2773 audaciam
823 2724 965 2783 xxvii,
984 2730 1034 2784 2,
1056 2730 1087 2775 7
1131 2743 1271 2777 vene·

210 2803 333 2837 num
365 2788 504 2846 xxxii,
523 2791 575 2846 4,
597 2794 629 2839 8

277 2853 471 2900 Summa
490 2852 601 2902 belli
625 2853 743 2920 (hoc
780 2862 870 2911 est,
900 2870 1129 2904 summum
1158 2857 1269 2906 belli

210 2917 479 2980 arbitrium)
510 2917 545 2974 i,
566 2922 615 2974 6,
638 2923 685 2968 8.
719 2918 817 2975 xiii,
838 2925 890 2975 6,
914 2924 977 2969 10
1020 2921 1069 2972 iu
1092 2937 1269 2970 summa

208 2983 329 3046 (pro
372 2983 631 3045 postremo)
681 2981 781 3038 xiii,
803 2987 851 3040 8,
874 2987 922 3032 8.
970 2985 1143 3042 xxxvii,
1166 2991 1215 3042 1,
1235 2991 1270 3035 8

205 3045 419 3093 Freinsh.
486 3061 665 3094 summu
694 3047 967 3095 auxiliorum
1010 3055 1083 3096 tot
1124 3050 1273 3098 millia

208 3109 431 3174 peditum
460 3109 591 3158 fuere
635 3110 700 3167 ix,
723 3115 772 3166 5,
794 3115 827 3160 6
880 3127 1059 3160 summ·
1094 3127 1267 3178 propo·

208 3175 408 3222 sitorum
461 3173 661 3239 alicujus
707 3175 923 3222 consistit
951 3176 1003 3223 in
1044 3192 1103 3225 eo
1172 3179 1265 3237 xiv,

244 3274 261 3295 ⁹
277 3303 577 3352 summittere
598 3303 787 3352 barbam
808 3303 927 3368 (boe
947 3312 1036 3361 est,
1074 3307 1266 3366 promit-

206 3365 339 3430 tere)
369 3369 523 3425 xxxvi,
540 3373 591 3424 4,
608 3373 640 3418 2
674 3367 880 3416 Freinsh.
915 3368 1199 3419 summittere
1217 3388 1265 3420 se

204 3432 353 3480 alicui
384 3432 485 3489 xiii,
505 3436 555 3490 2,
576 3437 605 3482 8

276 3495 577 3545 summovere
616 3495 741 3544 bellu
781 3495 879 3562 (est
913 3495 1044 3544 illata
1084 3503 1266 3546 tanturn

202 3559 485 3624 reprimere)
501 3561 551 3618 ii,
566 3566 616 3618 4,
631 3564 682 3609 4.
706 3561 787 3618 vii,
804 3567 854 3617 6,
878 3564 935 3609 18
958 3562 1135 3609 hostem
1154 3563 1266 3621 ii,s,

200 3629 255 3674 2.
274 3625 458 3681 ix‚s‚6.
472 3626 597 3681 xxix,
618 3631 665 3681 1,
682 3628 736 3674 11
759 3625 911 3687 (idem
926 3643 938 3672 τ
954 3626 1157 3690 explicat
1176 3629 1267 3675 hoc

206 3689 379 3737 Florus
410 3691 474 3746 iv,
500 3695 579 3745 12,
610 3690 703 3752 25)
736 3689 944 3737 Freinsh.
978 3705 1267 3739 summovere

202 3755 417 3817 aliquem
454 3755 513 3802 ab
550 3754 747 3818 Scythis
784 3752 908 3816 turpi
944 3753 1055 3816 fuge
1088 3755 1139 3810 ii,
1162 3760 1211 3812 Β,
1234 3761 1267 3804 2

204 3833 501 3867 sum-overe
520 3820 701 3867 hostem
722 3818 893 3881 pretio,
914 3833 1010 3865 non
1033 3820 1171 3864 armis
1204 3821 1265 3876 vi,

208 3888 261 3940 1,
279 3888 315 3932 6
346 3884 529 3930 hostem
545 3897 575 3931 u
594 3883 732 3930 muris
754 3881 837 3937 xii,
856 3886 935 3938 lo,
956 3885 987 3932 2
1022 3882 1222 3930 latrones
1238 3899 1269 3931 a

205 3948 377 4011 rapina
399 3961 619 4010 pecorum
640 3947 758 4001 xliii,
776 3951 825 4001 2,
848 3951 883 3996 9

278 4013 497 4060 Summus
541 4011 847 4074 philosophus
901 4011 980 4067 vii,
1004 4017 1052 4067 5,
1084 4015 1115 4060 8
1158 4025 1265 4059 cum

208 4091 397 4124 summo
418 4076 576 4124 labore
608 4076 689 4128 xii,
710 4080 759 4132 7,
783 4077 845 4124 18
884 4075 1111 4122 ‘summum
1151 4075 1266 4122 eivi-

208 4142 324 4190 tatis
343 4140 579 4204 festigium
612 4139 739 4195 xviii,
762 4144 811 4196 8,
836 4143 897 4187 12
950 4139 1131 4202 imperii
1172 4139 1266 4186 fus-

207 4205 380 4269 tigium
430 4205 511 4260 xli,
532 4208 635 4261 6,2
690 4204 933 4268 imperium
983 4205 1078 4260 xvi,
1114 4208 1165 4261 4,
1202 4209 1266 4252 16

344 4285 519 4349 Delph.
539 4289 587 4334 et
615 4283 722 4334 Vm·-
748 4285 876 4334 Clas.

2207 414 2426 478 cxxxi

1366 571 1594 607 summum
1615 575 1840 612 cacumen
1873 563 1923 624 ii,
1949 571 2028 628 11,
2052 573 2084 618 5
2130 577 2310 622 summa
2348 593 2422 628 res

1360 621 1472 685 (pro
1484 639 1536 672 su
1543 639 1664 674 mma
1678 627 1883 693 imperii)
1901 649 1914 677 .-
1929 649 2120 682 summae
2133 637 2198 684 rei
2215 638 2422 704 aliquem

1360 700 1632 750 praeponere
1685 691 1748 747 vi.
1773 697 1822 750 2,
1861 699 1892 744 4
1939 697 2044 782 §Sic
2078 699 2276 763 Nepos:
2314 712 2330 734 ‘
2355 707 2418 755 de

1358 752 1548 800 summis
1570 755 1706 802 rebus
1726 757 1948 806 dimicare
1994 763 2122 818 xviii,
2146 770 2224 814 10.
2257 781 2341 830 pro
2355 771 2417 820 de

1358 827 1538 862 summa
1559 833 1724 876 rerum,
1763 821 1825 870 de
1859 839 2038 872 summa
2075 828 2289 892 imperii;
2330 836 2416 884 sd-

1352 875 1582 938 jectivum
1603 883 1704 930 scil.
1725 899 1812 948 pro
1833 889 2059 938 substant.
2092 891 2216 942 Vide
2237 903 2288 943 et
2305 896 2414 946 Iud.

1356 939 1513 1006 Nep.)
1553 945 1708 995 Vorst.
1750 953 1917 999 summi
1959 954 2258 1016 imperatores
2295 963 2413 1024 (hoc

1354 1013 1440 1061 est,
1482 1009 1882 1076 excellentissimi)
1915 1019 2084 1076 xxxvii,
2129 1025 2176 1076 1,
2219 1027 2250 1071 8
2309 1024 2414 1086 (Ita

1352 1075 1595 1182 i'wimullius
1616 1076 1845 1138 uugurio,'
1865 1083 1992 1141 apud
2009 1083 2196 1132 Florum
2218 1085 2250 1142 i,
2285 1093 2334 1144 5,
2352 1090 2412 1154 2)

1392 1149 1439 1180 m
1456 1149 1513 1182 ns
1549 1167 1564 1182 Ο

1416 1197 1606 1246 Sumtus
1639 1201 1749 1264 (pro
1791 1202 2048 1270 alimentis)
2095 1210 2251 1267 xxxiii,
2290 1220 2337 1271 1,
2377 1221 2410 1266 3

1350 1263 1580 1311 sumtibus
1599 1266 1865 1327 nuptiarum
1888 1269 2078 1318 decreto
2113 1273 2410 1339 Carthagini-

1350 1325 1531 1374 ensium
1555 1335 1755 1378 ststutus
1777 1333 1942 1379 modus
1975 1335 2070 1390 xxi,
2093 1340 2141 1392 4,
2165 1343 2194 1386 5
2227 1349 2408 1390 sumtus

1352 1389 1465 1438 belli
1496 1407 1544 1448 v,
1577 1397 1619 1450 1,
1640 1399 1672 1444 7
1708 1396 1965 1456 praedsrnm
1988 1397 2060 1462 (id
2098 1413 2185 1456 est,
2207 1417 2264 1450 ex
2287 1417 2408 1466 pm-

1349 1454 1449 1516 dis)
1470 1463 1650 1506 sumtus
1673 1459 1735 1516 vi,
1752 1465 1800 1516 5,
1816 1465 1849 1509 9
1882 1460 2038 1508 Vorst.
2073 1473 2252 1513 sumtus
2274 1469 2409 1517 deest

1348 1517 1501 1567 funeri
1536 1521 1600 1578 vi,
1621 1525 1669 1579 8,
1691 1527 1725 1572 6
1757 1531 1960 1573 sumtum
1987 1526 2075 1574 viae
2115 1530 2226 1578 dare
2265 1531 2410 1582 alicui

1349 1581 1413 1640 ix,
1436 1586 1483 1644 2,
1505 1587 1539 1632 6

1414 1647 1638 1697 Suniatus
1661 1650 2056 1717 Carthaginiensis
2095 1658 2256 1719 patrius
2293 1675 2405 1724 pro·

1348 1708 1473 1757 ditor
1502 1728 1581 1769 xx,
1603 1719 1652 1770 5,
1676 1718 1738 1764 12

1412 1775 1564 1838 Super
1585 1777 1686 1824 haec
1705 1780 1829 1842 (pro,
1855 1789 2020 1844 prmter
2035 1782 2164 1847 hoec)
2194 1785 2258 1842 iv,
2281 1792 2331 1844 5,
2353 1792 2403 1837 2.

1346 1835 1411 1894 ix,
1435 1843 1483 1894 4,
1508 1846 1537 1889 5
1573 1840 1781 1890 Freinsh.
1819 1860 1958 1908 super
1983 1861 2164 1895 amnem
2199 1853 2402 1900 condere

1346 1901 1507 1950 urbem
1541 1903 1620 1962 xii,
1642 1911 1778 1961 5,12
1808 1923 1949 1972 super
1983 1926 2130 1975 equos
2167 1912 2252 1971 ire,
2289 1929 2404 1964 con-

1346 1965 1522 2024 sistere,
1545 1971 1753 2026 mercsri,
1776 1972 1980 2037 colloqui
2014 1976 2095 2032 xli,
2119 1979 2166 2032 3,
2187 1981 2220 2026 4

1410 2031 1640 2095 Superare
1658 2033 1881 2084 invidiam
1905 2039 2214 2102 amplitudine
2249 2058 2402 2092 rerum

1346 2101 1578 2155 gestarum
1610 2097 1642 2152 i,
1665 2103 1715 2155 2,
1739 2105 1767 2149 5
1803 2102 2009 2165 superari
2031 2107 2312 2166 argumentis
2347 2108 2400 2164 ii,

1347 2161 1395 2212 1,
1432 2163 1493 2208 21
1545 2171 1822 2225 superantur
1863 2167 1978 2215 culti
2017 2183 2166 2216 mores
2208 2169 2400 2218 incultae

1346 2221 1569 2272 barbariae
1609 2227 1860 2276 collatione
1905 2229 1959 2287 ii,
1995 2235 2044 2286 2,
2083 2236 2143 2281 14
2194 2236 2404 2298 superari

1349 2285 1590 2336 beneficiis
1623 2293 1683 2339 ab
1717 2295 1852 2342 hoste
1883 2295 1948 2351 xi,
1985 2299 2065 2351 12,
2104 2300 2137 2345 8
2185 2313 2404 2363 superare

1348 2348 1566 2400 Herculis
1585 2363 1691 2402 acta
1711 2357 1788 2413 xii,
1812 2363 1863 2414 7,
1889 2362 1946 2408 18

1410 2415 1622 2477 Superbe
1655 2418 1753 2474 viii,
1775 2426 1822 2474 1,
1848 2427 1896 2468 5.
1929 2422 2057 2477 xviii,
2076 2429 2124 2476 7,
2144 2428 2223 2470 12.
2243 2427 2403 2483 xxviii,

1344 2479 1395 2530 2,
1420 2480 1446 2524 1
1482 2481 1682 2540 superbe
1704 2481 2046 2544 crudeliterque
2081 2484 2176 2539 xlii,
2198 2491 2242 2538 1,
2267 2492 2299 2536 4

1408 2539 1635 2602 Superbia
1654 2540 1928 2590 Parthorum
1962 2545 2151 2602 xxxviii,
2172 2552 2252 2604 10,
2272 2553 2302 2598 5
2327 2567 2401 2599 se.

1344 2609 1482 2649 nutus
1502 2603 1682 2652 Athen.
1704 2622 1750 2662 v,
1773 2610 1821 2661 8.
1845 2611 1878 2656 6
1899 2609 2115 2672 superbia
2133 2611 2398 2676 principum

1344 2667 1503 2714 odium
1527 2668 1648 2731 parit
1680 2670 1776 2732 xiii,
1795 2675 1844 2731 Θ,
1866 2676 1916 2722 2.
1951 2672 2106 2732 xxxvi,
2129 2678 2176 2733 1,
2197 2681 2224 2726 1
2262 2684 2313 2725 et
2349 2683 2399 2728 9.

1342 2730 1497 2788 xxxix,
1521 2737 1570 2788 1,
1591 2737 1622 2780 3

1407 2795 1644 2858 Superbus
1665 2798 1810 2847 hostis
1841 2815 1887 2856 v,
1909 2805 1960 2859 7,
1995 2806 2028 2850 9
2080 2804 2280 2866 superba
2321 2805 2397 2852 in-

1342 2859 1541 2907 solentia
1557 2861 1709 2918 xxxix,
1727 2867 1776 2919 2,
1802 2869 1828 2914 1
1853 2867 2102 2929 superbum
2122 2883 2396 2930 responsum

1341 2925 1510 2981 xxxvii,
1529 2930 1579 2982 4,
1599 2931 1647 2974 5.
1679 2927 1779 2984 xlii,
1803 2932 1847 2984 1,
1869 2933 1902 2979 2

1405 2989 1656 3052 Superesse
1693 2991 1804 3056 (pro
1840 2993 2134 3055 superstitem
2171 2993 2300 3060 esse)
2341 2997 2396 3054 ii,

1339 3055 1389 3106 6,
1415 3057 1471 3102 11
1510 3063 1720 3116 superest
1743 3071 1860 3104 unus
1895 3056 2056 3106 sceleri
2089 3057 2286 3122 alicujus
2328 3061 2396 3118 iii,

1344 3119 1389 3172 1,
1414 3122 1443 3165 5
1480 3133 1538 3164 eo
1574 3118 1735 3181 praelio
1771 3121 1998 3184 superfuit
2031 3121 2156 3169 solus
2189 3139 2234 3180 v,
2257 3129 2306 3180 6,
2333 3128 2396 3174 10

1338 3194 1578 3242 superesse
1598 3181 1804 3231 caedibus
1825 3185 1956 3248 (pro,
1969 3201 2066 3232 nou
2089 3201 2184 3234 unu
2204 3187 2397 3237 obtrun-

1340 3251 1493 3292 estum
1518 3245 1646 3308 esse)
1679 3247 1788 3303 xvii,
1814 3254 1860 3304 1,
1884 3253 1914 3298 7
1952 3247 2109 3297 Vorst.

1402 3308 1683 3372 Supergredi
1704 3311 1962 3361 claritatem
1985 3321 2230 3378 parentum
2267 3331 2396 3380 rusg-

1339 3371 1557 3420 nitudine
1578 3373 1720 3421 animi
1753 3375 1854 3432 xlii,
1875 3381 1926 3434 2,
1949 3381 1996 3426 8.
2030 3379 2142 3437 xliv,
2163 3385 2212 3436 5,
2234 3383 2268 3429 6

1403 3437 1622 3498 Superior
1640 3438 1860 3487 Afrorum
1875 3443 2062 3490 fortuna
2079 3442 2168 3491 fuit
2183 3444 2277 3501 xix,
2296 3450 2345 3501 1,
2363 3449 2397 3496 4

1340 3509 1554 3548 conserto
1599 3503 1759 3565 praelio
1803 3521 1910 3553 curn
1971 3509 2178 3569 superior
2233 3508 2400 3555 fuisset

1340 3565 1466 3621 xxiii,
1490 3570 1540 3628 8,
1563 3570 1596 3614 9
1639 3569 1788 3616 saucii
1809 3585 1864 3616 ex
1887 3573 2120 3632 superiore
2142 3572 2399 3633 congressi-

1340 3644 1431 3676 one
1464 3629 1606 3688 xxvii,
1629 3635 1678 3688 3,
1701 3637 1734 3680 2
1788 3633 2034 3694 superioris
2073 3634 2224 3679 aetstis
2265 3649 2396 3697 reges

1340 3708 1446 3748 xxv,
1468 3700 1519 3751 5,
1543 3699 1589 3743 8.
1623 3695 1796 3751 xxxvii,
1821 3701 1867 3749 l.
1886 3701 1918 3744 7
1951 3697 2195 3757 superioris
2217 3696 2396 3744 militias

1339 3756 1554 3819 injurium
1577 3759 1763 3805 abolere
1801 3758 1899 3814 xlii,
1925 3763 1972 3815 8,
1998 3763 2024 3807 1

1402 3821 1732 3884 Supermittere
1751 3821 1889 3869 alicui
1908 3823 2019 3884 (pro
2035 3823 2222 3880 addere,
2239 3824 2395 3872 affun-

1340 3883 1479 3948 dere)
1510 3887 1590 3940 xii,
1620 3888 1698 3940 14,
1721 3889 1754 3932 9
1785 3883 1992 3934 Freinsh.

1405 3941 1649 4012 Superstes
1701 3949 1768 4004 ix,
1788 3953 1839 4007 7,
1867 3954 1928 3998 10
1978 3957 2211 4014 superstes
2253 3950 2396 3999 alicui

1340 4013 1451 4068 xxii,
1476 4017 1506 4061 8
1546 4015 1609 4061 14

1402 4048 1754 4138 Superstitionis
1787 4076 1856 4122 vis
1888 4075 1967 4132 vii,
1989 4081 2040 4131 2,
2066 4081 2128 4126 10
2176 4078 2398 4142 supersti-

1340 4139 1516 4189 tionem
1537 4141 1746 4187 incutere
1767 4141 1946 4202 populo
1981 4139 2042 4198 ix,
2065 4146 2114 4196 7,
2139 4147 2199 4191 11

1406 4207 1711 4268 supertegere
1735 4205 1978 4252 frondibus
2009 4205 2125 4262 xliii,
2147 4210 2252 4263 4,,6

1192 4283 1300 4335 Ιηᾱ.
1322 4286 1453 4334 Jm.
2242 4301 2270 4333 Γ
